4644 5778
618 771 673 856 ἐρᾷ
699 770 753 856 μὲν
777 770 868 852 ἁγνὸς
890 769 1020 853 οὐρανὸς
1041 774 1157 852 τρῶσαι
1177 768 1288 854 χθόνα,

615 877 694 964 ἔρως
718 880 752 943 δὲ
774 884 864 962 γαῖαν
887 880 1038 964 λαμβάνει
1058 878 1158 960 γάμου
1181 883 1297 963 τυχεῖν·

622 987 737 1074 ὄμβρος
759 987 786 1052 δ’
806 987 855 1051 ἀπ’
877 987 1037 1054 εὐνάοντος
1060 985 1194 1068 οὐρανοῦ
1216 989 1318 1050 πεσὼν

617 1095 707 1161 ἔκυσε
730 1104 835 1180 γαῖαν·
865 1097 884 1177 ἡ
907 1096 941 1158 δὲ
962 1097 1091 1158 τίκτεται
1115 1097 1234 1180 βροτοῖς

616 1205 723 1292 μήλων
746 1227 778 1267 τε
802 1204 914 1290 βοσκὰς
936 1205 987 1267 καὶ
1010 1205 1075 1288 βίον
1096 1206 1280 1290 Δημήτριον.

616 1317 779 1400 δενδρῶτις
802 1316 868 1397 ὥρα
893 1312 918 1375 δ’
943 1312 976 1377 ἐκ
999 1314 1167 1384 νοτίζοντος
1188 1317 1288 1398 γάμου

615 1425 732 1494 τέλειός
754 1425 832 1488 ἐστι·
865 1429 924 1486 τῶν
949 1423 974 1485 δ’
996 1421 1056 1504 ἐγὼ
1078 1423 1247 1506 παραίτιος.

312 1579 395 1642 quae
417 1559 518 1625 verba
539 1559 676 1624 Veneris
697 1557 838 1645 puellam
860 1558 890 1620 in
913 1579 1063 1643 sponsum
1083 1558 1193 1622 mitem
1212 1555 1415 1622 defendentis
1434 1555 1587 1620 videntur
1606 1581 1678 1625 esse
1698 1597 1732 1606 —
1759 1572 1826 1623 tum
1847 1571 1933 1624 cete·

312 1689 378 1742 rae,
407 1690 488 1753 quae
513 1681 693 1754 paruerant,
728 1665 894 1732 Danaides
916 1662 959 1730 ne'
979 1680 1152 1752 potuerunt
1174 1667 1304 1752 quidem
1326 1666 1471 1733 accusari
1495 1703 1532 1714 -
1560 1683 1615 1730 aut
1638 1666 1816 1744 Danaides,
1846 1668 1933 1752 quod

316 1799 452 1862 sponsos
474 1780 714 1852 interfecerant,
748 1775 930 1860 puniendae
953 1789 1059 1851 erant,
1089 1778 1150 1840 iam
1176 1773 1431 1860 Hypermnestra
1453 1799 1512 1841 nec
1535 1775 1718 1842 accusanda
1740 1798 1800 1841 nec
1823 1775 1935 1842 defen-

313 1885 420 1949 denda
435 1901 511 1952 erat.
547 1887 599 1952 De
621 1885 808 1950 nominibus
829 1906 905 1949 vero
924 1885 1160 1969 tragoediarum
1182 1885 1402 1950 dissenserunt
1425 1887 1485 1949 viri
1506 1886 1607 1950 docti:
1634 1884 1826 1950 Welclrerus
1845 1885 1933 1950 hunc

312 1994 478 2059 constituit
499 1996 660 2060 ordinem:
684 1993 838 2072 Ἱκέτιδιτ,
859 1995 1020 2076 Αἰγύπτιοι
1042 1993 1251 2078 Δαναΐδεςΐΐ),
1274 2017 1338 2078 qua
1360 1995 1391 2058 in
1416 2017 1449 2058 re
1472 1995 1708 2081 Aegyptiorum
1731 1995 1802 2059 loco
1824 1996 1934 2077 Αἰγυπ·

313 2105 416 2166 τιάδαι
437 2120 492 2168 aut
516 2106 670 2188 Αἰγύπτου
695 2106 804 2174 παῖδας
828 2101 1033 2168 scribendum
1055 2125 1126 2167 esse
1150 2103 1325 2168 rectissime
1349 2104 1429 2167 vidit
1451 2103 1674 2180 Hermannus,
1704 2103 1759 2189 qui
1785 2105 1854 2187 ipse
1875 2103 1934 2169 has

315 2233 385 2277 sese
406 2214 573 2300 excepisse
595 2212 780 2298 tragoedias
804 2212 954 2277 coniecit:
982 2211 1143 2289 Ἱκέτιδες,
1168 2211 1394 2296 Θαλαμοτοιοΐ,
1425 2212 1585 2280 Δαναΐδες.
1627 2211 1818 2297 Nuperrime
1845 2213 1936 2277 deni·

314 2342 377 2404 que
401 2320 592 2406 Birtius⁵⁴),
624 2344 696 2386 cum
723 2320 888 2384 Danaides
920 2321 1039 2386 scelere
1062 2321 1293 2386 contaminatas
1315 2321 1405 2386 chori
1428 2337 1532 2407 partes
1555 2343 1651 2406 agere
1675 2342 1770 2406 posse
1792 2337 1934 2405 negaret,

313 2429 348 2493 in
370 2431 499 2494 tertium
522 2433 629 2496 locum
654 2431 841 2514 Aegyptios
865 2431 1012 2508 instituit,
1035 2453 1122 2514 quos·
1137 2452 1216 2505 non,
1239 2430 1334 2493 sicuti
1356 2430 1570 2507 Welclrerus,
1592 2429 1786 2516 Aegyptii
1809 2429 1923 2504 filios,

315 2539 373 2603 sed
398 2537 575 2628 Aegypti
601 2541 779 2604 filiorum
809 2541 972 2604 comites
1000 2541 1143 2624 captivos
1166 2538 1368 2604 dominorum
1397 2561 1528 2604 suorum
1556 2540 1676 2604 exitum
1703 2553 1935 2623 conquerentes

280 2723 291 2731 ⁶
315 2670 385 2713 esse
408 2648 519 2713 voluit.
564 2648 730 2714 Danaides
752 2659 858 2712 autern
882 2649 981 2714 totius
1004 2648 1149 2733 trilogiae
1169 2647 1297 2712 titulum
1319 2649 1418 2714 fuisse
1441 2649 1502 2715 sibi
1524 2648 1693 2735 persuasit,
1716 2661 1752 2712 ut
1773 2660 1934 2732 quattuor,

313 2759 368 2840 qui
382 2756 477 2823 nobis
493 2773 569 2823 sunt
582 2757 699 2824 servati
717 2757 811 2834 tituli,
832 2758 877 2822 sic
894 2757 1135 2823 distribuendos
1153 2779 1223 2822 esse
1244 2757 1477 2843 suspicaretur:
1500 2759 1650 2826 Δαναΐδες
1667 2759 1686 2842 ἢ
1704 2755 1855 2836 Ἱκέτιδες,
1876 2759 1933 2821 Δα-

314 2866 418 2934 ναΐδες
438 2869 457 2952 ἢ
481 2865 714 2951 Θαλαμοττοιοί,
749 2867 899 2936 Δαναΐδες
924 2869 943 2951 ἧ
966 2868 1133 2951 Αἰγύπτιοι.
1174 2865 1267 2946 Quae
1290 2868 1473 2932 coniectura
1499 2865 1751 2952 probabilitatem
1774 2865 1936 2951 quandam

313 2974 424 3052 habet;
458 2976 516 3041 sed
537 2975 677 3052 adrem,
708 2999 802 3060 quarn
826 2975 878 3039 bic
901 2976 1036 3062 agimus,
1070 2975 1146 3040 satis
1169 2988 1216 3038 est
1240 2975 1475 3040 demonstrasse
1497 2976 1657 3040 artissime
1682 2977 1764 3040 inter
1786 2999 1821 3040 se
1843 2977 1933 3041 innc-

314 3097 362 3150 tas
386 3108 457 3151 esse
480 3085 627 3171 trilogiae
649 3085 788 3150 fabulas.

441 3195 493 3259 Ex
517 3217 644 3280 magne,
666 3194 720 3279 qui
746 3192 863 3258 servati
888 3208 973 3270 sunt,
994 3193 1157 3258 titulorum
1180 3215 1314 3257 numero
1335 3193 1414 3258 alias
1432 3215 1559 3277 quoque
1581 3193 1725 3279 trilogias
1744 3216 1934 3280 componere

317 3304 512 3370 studuerunt
541 3305 601 3367 viri
630 3303 732 3379 docti,
766 3317 800 3366 ut
823 3301 1046 3389 Westphalius
1075 3321 1163 3380 oct0,
1195 3301 1387 3366 Welclrerus
1409 3302 1510 3367 multo
1543 3303 1650 3388 plures
1684 3303 1846 3368 invenisse
1872 3303 1934 3368 sibi

314 3413 405 3476 visus
427 3426 485 3490 est,
517 3435 597 3497 quas
621 3433 732 3476 omnes
757 3414 878 3497 optimo
901 3413 970 3476 iure
991 3413 1053 3476 hoc
1075 3413 1147 3476 loco
1170 3435 1188 3477 a
1207 3411 1301 3477 nobis
1323 3411 1487 3496 neglectas
1511 3435 1581 3477 esse
1603 3425 1763 3498 putamus.
1805 3411 1932 3476 Etenim

314 3521 464 3606 quamvis
492 3523 533 3587 sit
564 3521 631 3586 veri
659 3522 763 3587 simile
786 3521 844 3585 has
874 3521 946 3584 illas
973 3521 1156 3606 tragoedias
1186 3543 1251 3584 una
1278 3521 1407 3605 trilcgia
1435 3521 1467 3584 in
1494 3543 1641 3586 scaenam
1663 3521 1753 3584 datas
1777 3543 1864 3597 esse,
1893 3521 1934 3584 de

314 3629 403 3695 nulla
425 3645 531 3695 tamen
559 3633 636 3696 certi
660 3632 832 3715 quicquam
866 3629 928 3694 diei
957 3643 1070 3714 potest.
1113 3630 1156 3694 Et
1190 3643 1387 3716 quantopere
1417 3631 1457 3694 sit
1490 3629 1684 3704 cavendum,
1717 3653 1757 3694 ne
1788 3629 1933 3714 trilogias

314 3753 542 3825 componentes
563 3739 743 3804 incidamus
767 3739 800 3804 in
825 3761 976 3815 errorem,
1003 3738 1041 3804 W
1047 3739 1194 3804 elckerus
1216 3740 1362 3824 exemplo
1383 3739 1476 3804 nobis
1500 3761 1571 3803 esse
1592 3751 1708 3824 potest,
1733 3740 1877 3824 quicum
1899 3740 1931 3802 in

317 3848 407 3926 libro,
431 3872 526 3933 quem
549 3848 589 3913 de
610 3849 739 3933 trilogia
759 3849 896 3934 scripsit,
921 3847 1050 3934 Septem
1070 3849 1196 3912 tertiam
1216 3847 1355 3912 fabulam
1375 3849 1475 3912 luisse
1497 3863 1657 3931 negasset,
1678 3847 1795 3914 deinde
1818 3847 1934 3912 Bacchi

314 3957 476 4034 Nutrices,
497 3957 642 4035 Edonos,
667 3957 863 4043 Lycurgum
888 3959 920 4020 in
945 3979 1039 4022 unam
1062 3957 1242 4042 redegisset
1264 3957 1441 4043 trilogiarn,
1470 3971 1582 4042 postea
1605 3957 1805 4044 gravissimis
1827 3955 1933 4042 impli-

315 4082 423 4132 catum
444 4089 478 4132 se
498 4089 569 4133 esse
589 4065 752 4132 erroribus
775 4067 870 4132 lateri
888 4080 1017 4131 coactns
1039 4082 1097 4131 cst.
1130 4065 1242 4148 Quid?
1263 4065 1350 4150 quod
1368 4063 1423 4131 Ot.
1439 4065 1629 4142 Muellerus,
1653 4067 1703 4132 vir
1722 4067 1837 4132 doctus
1857 4090 1934 4132 sane

313 4189 346 4242 et
369 4189 499 4253 acutus,
531 4176 611 4242 baec
633 4176 776 4261 scripsit:
810 4178 866 4252 „ln
890 4176 952 4240 den
977 4173 1095 4240 Sieben
1119 4197 1224 4260 gegen
1248 4174 1381 4241 Theben
1404 4175 1515 4240 hatte
1538 4175 1605 4240 nie
1628 4176 1665 4240 in
1689 4176 1843 4242 Abrede
1866 4199 1933 4261 ge-

314 4285 433 4351 stellt
454 4285 608 4350 werden
629 4285 780 4361 sollen,
812 4285 901 4350 dass
925 4286 996 4349 das
1016 4285 1142 4350 letzte
1163 4283 1304 4360 Stttck,
1327 4284 1386 4348 der
1402 4283 1501 4348 Streit
1523 4285 1581 4349 der
1597 4287 1761 4372 Antigone
1781 4287 1839 4351 mit
1860 4285 1933 4352 dem

312 4394 474 4472 Herolde‚
507 4395 567 4458 ein
597 4393 677 4458 eben
706 4393 830 4459 solebes
849 4393 1251 4480 Verbindungsglied
1277 4395 1343 4458 mit
1365 4395 1477 4458 einer
1497 4393 1712 4480 folgenden
1734 4394 1934 4479 Tragodie

419 4627 451 4694 5ΐ)
476 4625 608 4682 Welclrer:
630 4624 736 4682 Griech.
758 4625 912 4696 Tragttdien
930 4631 981 4682 etc.
1001 4625 1019 4681 1.
1038 4627 1079 4682 30.

419 4722 449 4784 ⁵⁴)
476 4721 547 4776 Birt:
566 4720 661 4776 Rhein.
682 4718 801 4782 Massam
821 4721 888 4776 1877
909 4737 933 4790 ρ.
952 4720 1003 4774 419
1021 4736 1074 4791 seq.
