4644 5778
487 857 516 898 v.
542 836 638 899 1031:
684 832 807 895 τοιοῦδε
831 829 954 915 μόχθου
975 831 1072 916 τέρμα
1095 833 1135 918 μή
1158 855 1186 895 τι
1206 831 1371 919 προςδόιια,

680 942 749 1024 πρὶν
773 935 808 1001 ἂν
830 939 912 1001 θεῶν
936 962 978 1008 τις
998 939 1146 1026 διάδοχος
1165 947 1225 1004 τῶν
1252 947 1313 1004 σῶν
1336 939 1440 1006 πόντον

682 1057 775 1134 φανῇ,
798 1047 918 1132 θελήσῃ
942 1047 963 1110 τ’
985 1049 1028 1116 εἰς
1052 1050 1221 1134 ἀναύγητον
1247 1053 1352 1132 μολεῖν

672 1151 783 1239 ’Ἅιδην
806 1158 939 1240 κνεφαῖά
962 1157 982 1221 τ’
1004 1157 1083 1241 ἀμφὶ
1106 1155 1266 1242 Ταρτάρου
1293 1157 1384 1242 βάθη.

377 1265 430 1330 Er
454 1263 504 1330 his
528 1287 606 1330 vero
630 1264 759 1330 indiciis
785 1287 941 1330 summam
963 1267 1146 1352 argumenti
1169 1266 1352 1332 Promethei
1376 1266 1471 1332 soluti
1493 1287 1531 1330 eo
1555 1265 1680 1330 facilius
1703 1266 1861 1353 refingere
1884 1290 1999 1354 possu-

375 1397 465 1450 mus,
499 1373 586 1459 quod
613 1395 677 1438 non
700 1395 805 1458 pauca
827 1375 1007 1460 fragmenta
1027 1373 1121 1438 nobis
1144 1389 1330 1462 suppetunt.
1378 1375 1568 1442 Adveniunt
1591 1373 1724 1442 Titanes
1744 1375 1928 1442 Promethei
1950 1379 1999 1442 vi-

380 1482 473 1548 sendi
498 1507 611 1549 causa:

418 1592 533 1678 fragm.
558 1596 635 1658 201:
679 1593 794 1677 ἥκομεν
817 1631 859 1642 -

681 1701 752 1772 τοῦς
779 1703 853 1772 sobe
876 1702 992 1772 ἄθλους
1016 1703 1133 1781 τοῦςδε,
1158 1703 1339 1786 Προμηθεῦ,

680 1813 796 1894 δεσμοῦ
821 1835 853 1874 τε
876 1811 976 1878 πάθος
1000 1811 1063 1874 τόδ’
1087 1811 1285 1896 ἐποψόμενοι.

375 1919 499 1997 Verba,
530 1920 649 2008 quibus
674 1943 729 1985 eos
750 1921 936 2004 adloquitur
961 1921 1188 1996 Prometheus,
1222 1943 1240 1984 a
1262 1916 1419 1985 Cicerone
1448 1921 1481 1984 in
1500 1919 1696 1986 Tusculanis
1722 1921 1997 2008 disputationibus

377 2031 437 2119 (Π.
462 2035 515 2114 10)
538 2053 631 2096 versa
653 2045 741 2098 sunt:
1431 2041 1437 2054 ·

681 2138 831 2203 Titanum
858 2138 999 2214 suboles,
1024 2139 1109 2206 socia
1130 2139 1232 2204 nostri
1256 2139 1434 2223 sanguinis,

680 2261 831 2334 generata
855 2247 953 2323 caelo,
978 2248 1132 2332 adspicite
1154 2249 1326 2334 religatum
1349 2249 1472 2334 asperis

680 2358 886 2439 vinctumque
911 2357 995 2420 saxis
1016 2369 1074 2420 etc.

378 2468 506 2533 Deinde
528 2466 689 2532 Hercules
714 2487 786 2528 cum
814 2481 914 2528 terras
939 2467 1159 2550 permigraret,
1184 2483 1220 2530 ut
1242 2464 1460 2552 Hesperidum
1486 2466 1568 2532 mala
1590 2467 1621 2530 in
1640 2464 1810 2532 Graeciam
1835 2481 1997 2554 transpor-

372 2593 469 2654 taret,
502 2581 534 2644 in
565 2580 669 2644 locum
699 2575 845 2650 advenit,
874 2574 930 2638 ubi
953 2575 1165 2640 Prometheus
1198 2599 1317 2660 poenes
1347 2575 1491 2660 pendens
1521 2574 1562 2640 ad
1585 2571 1770 2640 Caucasum
1800 2577 1915 2640 affixus
1938 2588 1996 2641 est.

367 2693 454 2756 Eum
475 2687 610 2756 Herculi
632 2685 728 2750 sicuti
758 2697 851 2748 antea
874 2685 944 2748 Ioni
975 2685 1090 2752 itinera
1118 2686 1328 2772 descripsisse
1354 2685 1502 2772 permulti
1532 2685 1752 2750 demonstrant
1783 2707 1914 2760 versus3
1948 2695 1987 2749 ut

424 2801 539 2884 fragm.
561 2801 638 2864 206:
684 2793 789 2858 ἔπειτα
813 2797 838 2857 δ’
861 2796 968 2878 ἥξεις
995 2797 1092 2880 δῆμον
1116 2797 1315 2859 ἐνδικώτατον

678 2906 795 2990 βροτῶν
822 2903 963 2967 ἁπάντων
988 2904 1039 2967 καλ
1064 2903 1316 2988 φιλοξενώτατον,

677 3011 820 3098 Γαβίους,
844 3037 871 3076 κ.
891 3035 915 3074 τ.
938 3016 965 3075 λ.

417 3121 534 3205 fragm.
559 3123 637 3187 209:
682 3121 806 3184 εὐθεῖαν
827 3122 902 3205 ἕρπε
926 3123 1030 3203 τήνδε·
1063 3123 1114 3185 καὶ
1133 3125 1287 3208 πρώτιστα
1312 3124 1366 3206 μὲν

678 3229 842 3313 Βορεάδας
864 3233 969 3315 ἥξεις
989 3233 1065 3316 πρὸς
1085 3233 1191 3306 πνοάς,
1215 3256 1242 3294 ιι.
1264 3255 1289 3294 τ.
1314 3235 1341 3294 λ.

415 3339 529 3424 fragm.
555 3343 632 3406 210:
678 3339 760 3424 ἥξεις
783 3341 818 3402 δὲ
839 3340 959 3422 Λιγύων
983 3341 1026 3407 εἰς
1048 3339 1218 3426 ἀτάρβητον
1243 3342 1380 3423 στρατόν,
1399 3367 1427 3404 ιι.
1447 3365 1471 3404 τ.
1492 3345 1518 3404 λ.

372 3445 440 3514 Sed
461 3448 621 3514 Hercules
644 3448 700 3514 ubi
724 3449 863 3535 aquilam
885 3449 1063 3534 conspexit,
1085 3448 1236 3535 Apolline
1257 3448 1407 3515 invocato

391 3559 527 3643 (fragm.
549 3563 640 3638 212):
679 3558 807 3644 Ἀργοῦς
829 3557 855 3620 δ’
874 3558 1036 3623 Ἀπόλλων
1061 3558 1153 3641 δρθδν
1179 3559 1277 3621 ἰθύνοι
1301 3560 1390 3642 βέλος

370 3668 488 3753 sagitta
509 3692 578 3734 eam
603 3669 771 3755 transfigit.
815 3667 966 3754 Denique
990 3669 1117 3736 ἄκοντος
1137 3667 1208 3735 Διός
1230 3665 1443 3732 Prometheus
1465 3665 1621 3732 liberatur
1641 3689 1661 3730 a
1680 3665 1747 3730 filio
1770 3667 1869 3742 Iovis,
1895 3689 1990 3752 quem

370 3775 548 3862 interrogat

391 3886 523 3972 (fragm.
543 3891 635 3972 213):
676 3889 792 3973 ἐχθροῦ
817 3887 930 3970 πατρός
954 3910 1006 3967 μοι
1025 3891 1085 3948 ποῦ
1106 3887 1140 3948 τὸ
1166 3886 1309 3968 φίλτατον
1332 3885 1455 3966 τέκνον;

369 3995 439 4060 Iam
466 4017 539 4059 cum
556 3996 769 4062 Prometheus
791 3995 905 4060 vinclis
930 3996 969 4060 sit
993 3995 1117 4060 solutus
1138 4015 1243 4078 neque
1263 3995 1444 4078 quicquam,
1467 3994 1639 4082 quominus
1661 3993 1784 4077 aperiat
1804 3993 1874 4057 Iovi
1894 3993 1989 4057 iat-ale

371 4104 452 4168 illud
477 4105 725 4178 matrimonium,
748 4105 863 4180 obstet,
888 4105 1033 4192 Iuppiter
1054 4126 1129 4171 cum
1152 4125 1190 4167 eo
1213 4103 1246 4165 in
1270 4105 1389 4187 gratias
1414 4103 1517 4167 redire
1539 4102 1665 4188 poterit,
1687 4104 1714 4165 si
1735 4101 1808 4185 quis
1828 4100 1909 4165 deus
1931 4122 1988 4188 pro

369 4235 407 4277 eo
426 4225 560 4278 mortem
583 4236 617 4279 se
636 4215 798 4280 obiturum
818 4240 889 4282 esse
909 4215 1150 4302 promiserit⁴⁸),
1170 4235 1265 4298 quem
1285 4213 1382 4278 deum
1401 4213 1575 4279 Chironem
1591 4227 1778 4276 centaurum
1798 4209 1911 4285 fuisse,
1931 4210 1987 4295 qui

471 4409 503 4472 46)
539 4409 672 4476 Apparet,
698 4409 728 4458 ut
754 4403 940 4458 conciliaretur
962 4402 1135 4458 Prometheus
1159 4419 1217 4456 eum
1242 4402 1302 4456 Iove
1328 4404 1375 4456 aut
1394 4399 1468 4455 illum
1494 4398 1681 4453 modestiorem
1703 4398 1760 4453 tisri
1780 4397 1917 4463 debuisse,
1941 4401 1987 4450 aut

368 4501 448 4555 deum
467 4499 633 4570 aliquantum
654 4498 687 4553 de
709 4499 849 4554 severitate
870 4497 1017 4564 remittere3
1045 4500 1134 4550 utrum
1152 4494 1250 4548 factum
1269 4495 1311 4561 sit,
1339 4495 1479 4548 nescimus.
1515 4491 1568 4547 alit
1589 4492 1800 4547 Schoemannnm
1822 4490 1905 4546 secuti
1924 4489 1985 4543 Pro·

367 4593 502 4649 metheum
524 4591 720 4663 quodammodo
742 4591 881 4662 superbiae
901 4589 1076 4660 paenituisse,
1106 4588 1152 4642 alii
1177 4603 1236 4642 cum
1255 4587 1405 4642 Hermanno
1430 4585 1508 4641 deum
1533 4585 1663 4642 mitiorem
1683 4603 1712 4640 se
1733 4583 1898 4654 praestitisse
1918 4582 1986 4636 arbi-

367 4687 431 4742 trati
447 4689 516 4742 suut.
544 4685 603 4740 Non
622 4693 742 4741 nostrum
759 4691 799 4739 est
814 4682 1019 4738 controversiam
1039 4681 1089 4735 hoc
1107 4679 1165 4736 loco
1182 4679 1337 4747 diiudicare,
1362 4679 1434 4750 quod
1449 4679 1506 4734 fieri
1523 4696 1574 4735 non
1592 4679 1696 4752 poterit,
1715 4677 1775 4733 nisi.
1794 4675 1858 4746 quid
1871 4674 1986 4744 Aeschy-

366 4779 409 4836 lus
428 4777 460 4834 de
481 4779 540 4834 love
559 4781 708 4851 ceterisque
726 4779 768 4834 dis
787 4778 911 4843 senserit,
937 4781 1061 4830 accurate
1079 4775 1267 4846 erptomveris.
1310 4774 1339 4828 ld
1363 4779 1451 4827 tamen
1474 4773 1553 4829 liceat
1571 4774 1635 4829 mihi
1655 4771 1744 4826 dicere
1764 4767 1909 4824 Hermanni
1928 4782 1985 4820 sen-
