4644 5778
1923 581 1969 662 21

349 805 383 868 in
405 816 497 870 antro
515 803 644 870 Peliaco
663 806 791 871 saucius
811 803 945 882 iacebat,
966 807 1074 879 exiis,
1094 827 1176 891 quae
1196 804 1417 890 Apollodorus
1440 803 1498 882 (ΙΙ.
1519 811 1548 870 5.
1571 809 1625 884 ll)
1646 806 1754 882 refert,
1774 807 1844 870 iure
1865 805 1974 889 colligi

349 927 466 1002 potest.
514 913 674 980 incertum
701 936 777 979 vero
797 926 864 991 est,
896 927 1004 979 utrum
1025 915 1105 980 haec
1127 913 1260 978 deorum
1281 913 1499 978 reconciliatio
1520 928 1593 979 acta
1615 917 1655 978 sit
1676 915 1709 978 in
1731 914 1845 979 eadem
1865 913 1975 980 fabule

349 1045 389 1086 an
417 1024 529 1088 tertiae
561 1023 748 1109 tragoediae
778 1025 874 1088 luerit
907 1037 1142 1109 argumentum.
1191 1020 1257 1102 Qui
1280 1021 1508 1087 Prometheum
1546 1023 1690 1088 vinctum
1720 1023 1861 1088 medium
1892 1025 1976 1089 inter

349 1132 432 1198 duas
454 1132 602 1219 trilogiue
624 1131 752 1198 fabulas
776 1132 955 1198 obtinuisse
983 1132 1091 1197 locum
1119 1143 1211 1217 putat
1237 1169 1279 1180 -
1304 1143 1335 1194 et
1366 1143 1416 1196 est
1451 1131 1528 1196 haec
1550 1131 1693 1217 vulgaris
1719 1133 1844 1218 opinio,
1874 1155 1973 1218 quam

352 1241 555 1319 Welckerus,
578 1242 801 1319 Hermannns,
825 1242 880 1308 elii
905 1254 977 1306 sunt
1001 1240 1138 1327 amplexi
1160 1278 1201 1288 -
1224 1252 1256 1304 et
1278 1239 1407 1305 liberari
1430 1251 1461 1304 et
1481 1241 1681 1305 reconciliari
1702 1262 1775 1306 cnm
1796 1242 1872 1308 love
1892 1243 1974 1309 Pro-

349 1351 512 1415 metheum
540 1351 573 1414 in
597 1352 689 1416 tertia
711 1351 821 1416 fabula
849 1375 908 1438 pro
937 1365 1022 1416 certo
1051 1349 1191 1416 habehit.
1230 1348 1343 1434 Nuper
1372 1365 1480 1413 autem
1510 1371 1529 1412 a
1559 1348 1810 1435 Westphuio⁴⁷t
1841 1352 1974 1417 aliaest

347 1459 470 1546 prolata
492 1460 610 1546 opinio.
642 1459 793 1545 Plerique
816 1462 900 1526 enim
920 1461 981 1526 viri
1003 1459 1089 1524 docti
1104 1459 1295 1525 Prometheo
1315 1458 1454 1544 ignifero
1475 1459 1613 1543 primum
1633 1458 1848 1524 attribuerunt
1864 1459 1973 1526 locum

348 1568 482 1634 adducti
520 1581 551 1632 et
589 1569 717 1634 nomine
752 1571 825 1654 ipso
855 1583 886 1634 et
912 1569 1000 1654 quod
1022 1565 1138 1634 Cicero
1168 1569 1200 1632 in
1227 1567 1362 1634 Tuscul.
1391 1567 1545 1652 disputat.
1578 1569 1636 1650 (11.
1663 1571 1717 1647 10)
1749 1566 1811 1634 hoe
1840 1570 1972 1635 dixerit:

350 1679 487 1755 „Veniat
510 1677 693 1764 Aeschylus
718 1725 725 1740 .
750 1731 757 1748 .
784 1701 878 1764 .quo
898 1677 995 1743 modo
1020 1677 1078 1742 lert
1101 1677 1186 1764 apud
1210 1699 1284 1742 eum
1306 1675 1519 1741 Prometheus
1543 1677 1706 1755 dolorem,
1735 1701 1830 1764 quem
1854 1681 1974 1766 excipit

348 1788 389 1853 ob
412 1789 535 1852 furtum
558 1785 797 1872 Lemnium⁴⁸):
833 1786 1057 1872 Westphalius
1082 1787 1173 1851 tertio
1196 1786 1265 1851 loco
1288 1786 1370 1852 hanc
1394 1784 1539 1850 fabulam
1563 1809 1634 1852 esse
1655 1799 1758 1853 actam
1783 1788 1862 1864 vult,
1884 1789 1972 1874 quod

348 1898 402 1962 vix
426 1898 467 1963 sit
486 1897 692 1973 credendum,
715 1897 917 1982 Aeschylum
940 1917 1075 1971 saeros,
1106 1919 1188 1980 quas
1210 1897 1304 1961 modo
1326 1897 1359 1962 in
1382 1895 1520 1982 ignifero
1543 1897 1792 1962 Atheniensium
1816 1898 1918 1964 oculis
1938 1899 1972 1963 in

348 2005 419 2092 ipsa
441 2029 556 2071 scaena
577 2008 811 2093 proposuisset,
836 2006 968 2073 uberius
993 2005 1026 2068 in
1051 2017 1208 2090 sequente
1231 2004 1341 2069 fabule
1361 2005 1478 2069 iterum
1502 2005 1724 2092 descripsisse.
1765 2005 1892 2070 Deinde
1914 2029 1972 2071 ex-

349 2132 432 2182 stare
459 2115 601 2180 scholion
631 2117 688 2200 (ad
711 2140 740 2180 v.
763 2120 835 2197 94t:
885 2115 947 2192 ,tr
978 2113 1045 2198 γὰρ
1075 2119 1123 2199 τῷ
1154 2107 1343 2199 πὐρφόριμ
1371 2110 1397 2196 γ’
1429 2115 1621 2198 μυριάδας
1654 2117 1747 2198 φησὶ
1779 2115 1972 2178 δεδέσθαι

349 2223 507 2302 αδιόν,“
537 2245 602 2307 quo
624 2224 838 2290 demonstrari
860 2239 928 2288 tum
950 2235 1057 2289 actum
1080 2245 1151 2288 esse
1172 2223 1363 2308 igniferum,
1397 2245 1471 2288 cum
1498 2237 1571 2308 post
1599 2223 1793 2288 immensum
1818 2225 1971 2310 temporis

348 2333 486 2417 spatium
507 2332 719 2398 Prometheus
751 2355 870 2420 poenas
900 2335 963 2398 iem
992 2355 1055 2397 non
1082 2333 1195 2396 lueret.
1237 2330 1363 2396 Nomen
1395 2343 1501 2396 autem
1534 2329 1699 2415 Πυρφόρος
1730 2354 1796 2396 non
1826 2334 1870 2398 ita
1900 2355 1971 2398 esee

346 2440 638 2527 interpretandum,
668 2457 703 2506 ut
724 2465 763 2507 eo
786 2444 883 2507 deum
903 2444 1012 2528 ignem
1034 2443 1175 2508 furatum
1207 2439 1380 2526 significari
1412 2440 1568 2513 velimus,
1604 2440 1662 2504 sed
1691 2439 1752 2504 hoc
1778 2441 1972 2525 cognomine

348 2551 477 2634 saepius
499 2549 652 2636 appellari
672 2551 920 2628 Prometheum,
955 2573 1018 2614 non
1040 2550 1129 2635 quod
1153 2549 1250 2613 semel
1271 2549 1341 2614 Iovi
1362 2549 1516 2635 eripuerit
1545 2549 1675 2633 ignem,
1704 2548 1762 2614 sed
1793 2548 1880 2634 quod
1909 2549 1970 2614 hoc

347 2657 502 2724 beneficio
524 2659 557 2722 in
578 2673 770 2744 perpetuum
793 2660 903 2744 generi
924 2661 1064 2724 humano
1087 2659 1204 2744 optime
1227 2659 1434 2724 consuluerit.
1473 2659 1542 2724 Iam
1575 2679 1651 2722 vero
1679 2657 1764 2742 qnod
1793 2657 1969 2746 Westpha-

345 2765 408 2830 lius
432 2779 532 2832 artem
556 2769 709 2853 Aeschyli
732 2769 783 2833 bis
806 2769 934 2834 easdem
958 2767 1115 2832 mamantis
1138 2789 1187 2830 res
1207 2767 1323 2834 exilem
1342 2765 1524 2833 habendam
1544 2790 1617 2834 esse
1638 2777 1757 2842 censet,
1781 2767 1875 2834 facile
1894 2766 1970 2831 huic

345 2875 528 2942 difficultati
546 2899 720 2963 possumus
740 2877 872 2955 mederi,
895 2878 923 2942 si
944 2877 1039 2940 modo
1059 2898 1132 2940 cum
1150 2875 1383 2956 Hermanno⁴⁹l
1405 2879 1612 2942 nonfurtum
1633 2876 1750 2962 ipsum,
1774 2875 1833 2940 sed
1858 2875 1964 2950 ,illam

347 2984 387 3048 dc
408 2985 572 3070 perdendo
595 2999 650 3050 aut
671 2987 830 3051 servando
853 3008 971 3072 genere
991 2987 1131 3050 humano
1153 2985 1403 3050 controversiam
1426 2990 1457 3050 in
1480 2987 1618 3070 ignifero
1642 2983 1833 3050 Prometheo
1859 2986 1962 3068 agita-

342 3103 407 3156 tam
429 3104 518 3158 esse“
550 3097 735 3171 statuimus,
768 3117 865 3179 quam
890 3097 1100 3160 coniecturam
1130 3094 1352 3180 probabilitate
1374 3095 1514 3180 quadem
1538 3118 1602 3160 non
1623 3117 1730 3160 carere
1753 3115 1867 3159 versus
1892 3115 1950 3157 nos

343 3199 476 3268 docent:

477 3337 507 3378 v.
531 3316 608 3380 230:
654 3314 739 3382 ὅπως
761 3315 889 3400 τάχιστα
913 3316 963 3376 τδν
986 3317 1128 3400 πατρῷον
1152 3313 1183 3380 ές
1205 3313 1316 3396 θρόνον

645 3421 793 3497 καθέζετ’,
819 3421 912 3491 εὐθὺς
935 3423 1074 3505 δαίμοσιν
1098 3422 1185 3503 νέμει
1206 3421 1283 3506 γέρα

649 3531 787 3596 ἄλλοισιν
813 3532 895 3596 ἄλλα
916 3533 966 3594 καὶ
993 3531 1207 3616 διεστοιχίζετο

646 3641 756 3728 ἀρχήν,
781 3643 929 3726 βροτῶν
954 3639 992 3702 δὲ
1015 3645 1084 3700 τῶν
1107 3641 1357 3724 ταλαιπώρων
1385 3639 1498 3724 λόγον

647 3749 719 3812 οὐκ
742 3745 857 3834 ἔσχεν
884 3749 1011 3824 οὐδέν’,
1039 3748 1107 3810 ἀλλ’
1130 3749 1282 3817 elimelec<
1303 3747 1392 3831 γένος

339 4007 458 4072 tentiam,
472 4019 553 4076 quem
568 4003 676 4058 uberius
694 4003 721 4056 in
739 4001 927 4058 dissertatione
944 4002 977 4058 de
993 4001 1150 4057 Prometheo
1162 4001 1308 4070 Aeschyleo
1327 4001 1410 4070 (edita
1428 4005 1469 4058 est
1485 4017 1509 4056 a.
1531 4003 1606 4066 tem,
1628 4019 1651 4055 v.
1672 4001 1768 4072 Opusc.
1786 4001 1845 4056 Vlll
1865 4020 1892 4072 p.
1919 4003 1969 4056 144

344 4104 410 4170 seq.)
431 4097 582 4169 explicavit,
601 4095 685 4166 magis
704 4096 811 4165 ingenio
830 4096 956 4166 Aeschyli
978 4096 1119 4150 convenire
1136 4093 1229 4148 videri.

448 4191 479 4256 ff)
503 4189 607 4246 Rndolf
624 4183 771 4260 Westphel:
797 4187 991 4258 Prolegomeua
1008 4206 1041 4242 zu
1059 4186 1213 4257 Aeschylus.
1252 4187 1325 4242 1869.

444 4285 477 4351 ⁴⁸)
502 4283 546 4338 Sic
567 4282 719 4338 wolckerus
737 4283 914 4337 ratiocinatus
933 4287 986 4336 est:
1018 4279 1116 4349 Trilog.
1138 4297 1162 4350 p.
1182 4281 1214 4334 i:
1261 4265 1348 4346 ,tiber
1373 4279 1417 4334 die
1445 4283 1516 4334 erote
1539 4280 1679 4335 veriorem
1698 4279 1830 4350 Tregttdie
1848 4279 1969 4345 (Prome-

339 4378 418 4432 theus
434 4375 624 4446 Fenerlanger)
650 4374 746 4430 ditrlen
768 4377 816 4430 wir
836 4393 888 4430 uns
916 4392 966 4430 nur
984 4375 1091 4430 Ciceros
1112 4371 1345 4428 unrerweriiichcs
1363 4372 1478 4442 Zeugnis
1508 4391 1541 4428 zu
1567 4373 1646 4444 eigen
1672 4373 1797 4440 macheu,
1827 4371 1888 4428 dele
1915 4373 1969 4428 sie

339 4469 404 4526 don
424 4467 648 4524 Lemnischen
670 4467 764 4524 Raab
782 4467 951 4522 enthielt.“
989 4467 1087 4524 Pumm
1105 4467 1279 4530 considerato,
1299 4467 1401 4536 opinor,
1419 4467 1485 4520 heec
1506 4465 1664 4522 dictasunt.
1690 4466 1730 4520 Ex
1745 4465 1882 4524 ciceronis
1899 4467 1969 4520 enim

339 4563 428 4618 verbis
446 4562 512 4617 nihil
530 4561 581 4616 nisi
604 4561 632 4616 id
651 4561 721 4616 effici
744 4563 846 4632 potest,
872 4561 944 4631 apud
963 4560 1122 4632 Aeschylum
1142 4560 1328 4616 Prometheum
1357 4575 1473 4614 summos
1499 4559 1617 4629 perterre
1642 4558 1747 4614 dolores
1770 4562 1810 4616 ob
1839 4561 1968 4616 turtum

338 4657 524 4722 Lemnium
553 4655 651 4710 furtum
671 4653 875 4724 tragoediae
898 4652 1008 4708 luisse
1026 4659 1260 4723 argumentum
1283 4669 1335 4708 non
1356 4652 1421 4708 dicit
1441 4651 1542 4707 Cicero.

442 4749 474 4808 ⁴⁹)
497 4747 665 4802 Hermannus
685 4747 701 4800 l.
720 4746 736 4800 1.
756 4765 780 4818 p.
802 4749 835 4802 16
853 4746 994 4818 (Opuscul.
1013 4745 1080 4801 Vlll.
1097 4765 1122 4816 p.
1143 4747 1210 4812 158).
