4644 5778
1905 617 1951 698 19

332 841 500 926 permultis
530 841 657 907 fabulae
692 841 874 927 superstitis
908 840 1056 906 versibus
1089 839 1304 904 confirmatur.
1346 839 1559 904 Prometheus
1590 839 1675 904 enim
1697 863 1717 904 a
1739 837 1887 904 Vulcano
1909 837 1951 903 ad

334 944 517 1014 Caucasum
543 963 680 1016 montem
711 949 846 1025 affixus,
877 949 965 1015 Iovis
991 948 1154 1014 saevitiam
1176 969 1349 1025 accusans,
1380 950 1527 1032 quamvis
1551 947 1633 1012 dura
1658 947 1719 1013 sibi
1744 947 1953 1034 perpetienda

335 1057 409 1132 sint,
438 1058 597 1143 confringi
620 1073 724 1123 tamen
750 1081 784 1123 se
806 1081 899 1146 posse
921 1071 1033 1142 negat,
1066 1079 1138 1120 cum
1161 1055 1332 1140 aliquando
1353 1057 1439 1122 idem
1464 1057 1608 1144 luppiter
1630 1057 1716 1122 mitis
1737 1079 1774 1122 ao
1795 1057 1877 1122 leuis
1898 1059 1951 1123 iu-

334 1179 427 1231 turus
451 1167 492 1232 sit
517 1191 547 1232 v.
570 1170 630 1234 188
652 1191 716 1253 seq.

638 1276 695 1340 οῖδ’
718 1277 765 1340 ὅτι
784 1275 897 1361 τραχὺς
919 1276 969 1338 καὶ
991 1273 1062 1358 παρ’
1086 1275 1186 1360 ἑαυτῷ

637 1390 670 1452 τδ
693 1387 807 1450 δίκαιον
830 1383 911 1470 ἔχων
936 1381 1028 1451 Ζεύς·
1058 1383 1122 1446 ἀλλ’
1148 1381 1246 1465 ἔμπας

639 1491 891 1575 μαλακογνώμων
915 1491 1000 1554 ἔσται
1021 1490 1103 1566 πόδ’,
1127 1492 1197 1554 ὅταν

637 1601 731 1685 ταύτῃ
756 1599 879 1684 ῥαισθῇ.

637 1712 690 1793 τὴν
715 1707 740 1772 δ’
763 1708 933 1795 ἀτέραμνον
958 1711 1103 1795 στορέσας
1124 1711 1215 1794 ὀργὴν

398 1873 438 1902 f
638 1819 680 1885 εἰς
703 1817 821 1900 ἀρθμὸν
848 1820 916 1902 ἐμοὶ
938 1824 989 1884 καὶ
1013 1820 1161 1906 φιλότητα

637 1927 778 1989 σπεύδων
803 1927 965 1992 σπεύδοντί
983 1928 1055 1991 πολλ’
1078 1929 1152 2012 ἥξει.

333 2051 445 2119 Potest
464 2071 570 2122 autem
591 2059 728 2124 vinculis
748 2055 897 2137 liberari,
909 2061 997 2145 quod
1010 2060 1141 2125 Themis
1156 2075 1256 2127 mater
1273 2056 1435 2123 oraculum
1457 2077 1529 2120 cum
1549 2077 1586 2120 eo
1607 2053 1866 2131 communicavit,
1885 2075 1951 2140 quc

332 2161 433 2227 filium
455 2165 629 2252 aliquando
652 2192 669 2231 a
693 2169 771 2233 Iove
792 2180 992 2254 procreatum
1015 2171 1052 2234 iri
1076 2183 1168 2256 patre
1190 2168 1401 2255 potentiorem
1423 2164 1623 2252 praedictum
1646 2175 1705 2229 est.

460 2322 490 2362 v.
514 2303 591 2367 765:
635 2307 730 2384 γαμεῖ
749 2303 846 2382 γάμον
871 2306 1019 2378 τοιοῦτον,
1044 2301 1069 2388 ᾧ
1092 2305 1156 2365 ποτ’
1181 2305 1312 2388 ἀσχαλᾷ.

459 2432 488 2474 ν’.
514 2413 592 2477 769:
637 2410 760 2498 fflscil.
784 2427 878 2492 uxor)
901 2410 1018 2479 τέξεταί
1039 2435 1073 2493 γε
1095 2414 1190 2474 παῖδα
1215 2413 1361 2496 φέρτερον
1384 2407 1506 2492 πατρός.

458 2541 489 2581 v.
512 2521 591 2584 9tt:
636 2519 655 2604 i,
680 2521 737 2604 μὴν
761 2517 804 2582 ἔτι
825 2517 913 2592 Ζεύς,
938 2521 1046 2602 καίπερ
1069 2520 1208 2605 αὐθάδης
1230 2527 1361 2607 φρενῶν,

638 2627 723 2692 ἔσται
745 2629 898 2701 ταπεινός,
923 2629 987 2691 οῖον
1012 2627 1188 2712 ἐξαρτύεται

636 2739 733 2820 γάμον
754 2743 876 2820 γαμεῖν·
905 2737 938 2805 δς
957 2738 1049 2801 αὐτὸν
1073 2737 1106 2800 ἐκ
1127 2738 1303 2822 τυραννίδος

641 2845 760 2930 θρόνων
783 2847 807 2908 τ’
829 2845 931 2910 ἄϊστον
956 2847 1089 2932 ἐκβαλεῖ.

333 2972 432 3054 Solus
454 2975 682 3055 Prometheus,
714 3002 753 3043 ex
781 3003 920 3064 quonam
950 2978 1152 3044 matrimonio
1179 2977 1265 3044 filius
1286 2979 1339 3043 ille
1363 2979 1462 3064 possit
1485 2978 1589 3054 nasci,
1623 2991 1821 3065 compertum
1843 2978 1950 3056 habet,

332 3105 437 3168 neque
458 3087 629 3173 quisquam
653 3087 723 3151 Iovi
745 3088 865 3172 aperiet
889 3087 950 3152 nisi
974 3087 1187 3152 Prometheus
1211 3087 1322 3152 vinclis
1347 3087 1482 3154 solutus.

461 3243 492 3285 v.
514 3224 591 3289 770:
637 3220 703 3284 οὐδ’
726 3219 803 3284 ἔστιν
828 3221 910 3308 αὐτῷ
933 3223 1014 3303 τῆςδ’
1037 3222 1219 3306 ἀποστροφὴ
1243 3221 1353 3306 τάχης;

637 3329 672 3392 οὐ
698 3331 785 3411 δῆτα,
808 3331 886 3414 πλὴν
910 3328 999 3414 ἔγωγ’
1022 3329 1057 3394 ἄν
1081 3331 1115 3394 ἐκ
1136 3332 1258 3413 δεσμῶν
1280 3329 1391 3398 λυθείς.

459 3463 490 3502 v.
513 3441 591 3504 917:
636 3439 762 3501 τοιῶνδε
786 3437 913 3523 μόχθων
937 3438 1086 3522 ἐκτροπὴν
1110 3437 1211 3506 οὐδεὶς
1235 3438 1316 3501 θεῶν

638 3547 749 3610 δύναιτ’
773 3547 809 3610 ἂν
833 3547 915 3632 αὐτῷ
938 3549 1016 3629 πλὴν
1043 3547 1119 3629 ἐμοῦ
1145 3546 1238 3616 δεῖξαι
1261 3555 1378 3632 σαφῶς.

638 3656 698 3738 ἐγὼ
719 3659 784 3721 τάδ’
809 3657 889 3730 οῖδα,
911 3653 960 3742 χῷ
982 3655 1094 3741 τρόπῳ.

332 3789 462 3854 Deinde
487 3789 557 3854 Ioui
577 3790 742 3874 quaerenti
765 3791 912 3875 quisnam
934 3787 1010 3852 love
1032 3785 1133 3852 invito
1155 3811 1227 3854 eum
1249 3789 1384 3856 liberare
1409 3791 1517 3876 possit,
1540 3789 1567 3853 si
1587 3789 1760 3874 respondet

460 3922 489 3963 v.
514 3899 593 3964 773:
638 3907 696 3962 τῶν
722 3905 783 3962 σῶν
808 3897 859 3960 τιν’
884 3899 976 3962 αὐτὸν
1001 3897 1134 3982 ἐκγόνων
1159 3899 1236 3962 εἶναι
1258 3902 1369 3984 χρεών.

459 4031 490 4072 v.
513 4011 590 4073 775:
634 4010 732 4092 τρίτος
753 4032 788 4090 γε
809 4007 915 4088 γένναν
938 4011 1013 4088 πρὸς
1034 4007 1093 4072 δέκ’
1116 4009 1255 4073 ἄλλαισιν
1285 4014 1389 4090 γοναῖς

333 4116 413 4182 haec
432 4117 474 4181 ad
494 4116 669 4183 Herculem
690 4118 847 4204 pertinere
866 4117 899 4180 in
918 4131 1067 4203 promptu
1091 4133 1149 4182 est.
1189 4116 1285 4181 Adde
1305 4117 1394 4200 quod
1414 4115 1507 4180 etiam
1526 4114 1700 4190 Mercurio,
1722 4131 1758 4180 ut
1776 4115 1887 4182 Iovem
1907 4117 1949 4181 de

332 4225 454 4310 nuptiis
474 4227 625 4293 fatalibus
648 4228 791 4300 edoceat,
814 4225 940 4290 hortato
964 4228 1177 4311 gravioraque
1200 4227 1343 4291 minitato
1364 4225 1519 4310 supplicia
1537 4225 1746 4290 constantiam
1768 4247 1894 4311 semper
1914 4249 1949 4291 se

334 4350 536 4400 servaturum
559 4357 630 4400 esse
652 4336 805 4399 affirmat:

461 4468 491 4508 v.
515 4446 592 4510 993:
637 4444 794 4508 odriaco
819 4443 932 4526 αἴκισμ’
954 4443 1028 4506 οὐδὲ
1052 4445 1209 4530 μηχάνημ’
1232 4445 1293 4530 δτιρ

635 4553 841 4638 προτρέψεταί
861 4576 898 4634 με
921 4550 998 4619 Ζεὺς
1018 4559 1191 4637 γεγωνῆσαι
1214 4555 1298 4628 τάδε,

635 4662 702 4744 πρὶν
726 4661 761 4724 δν
784 4664 929 4746 χαλασθῇ
953 4661 1051 4740 δεσμὰ
1074 4665 1271 4743 λυμαντήρια.

332 4769 403 4836 Iam
423 4769 606 4836 Mercurius
628 4791 691 4836 non
713 4771 857 4835 futurum
881 4793 963 4847 esse,
985 4781 1021 4835 ut
1040 4771 1204 4847 liberetur,
1227 4771 1288 4835 nisi
1312 4771 1393 4836 deus
1418 4794 1473 4855 pro
1496 4793 1535 4836 co
1559 4772 1721 4848 moriatur,
1745 4773 1886 4838 nuntiat:

1707 4891 1745 4946 a*
