4644 5778
644 891 742 980 Ἑρμῆ
766 890 885 979 χθόνιε,
908 887 1023 976 τατρῶ’
1047 889 1225 956 ἐποπτεύων
1250 887 1356 974 κράτη,

645 1005 748 1088 σωτὴρ
770 1005 861 1084 γενοῦ
883 1022 946 1084 pot,
970 999 1135 1086 σύμμαχος
1154 999 1180 1062 τ’
1202 997 1375 1084 αἰτουμένῳ
1394 1023 1422 1062 κ.
1442 1022 1467 1061 τ.
1490 1000 1517 1061 λ.

345 1135 381 1202 Si
405 1134 546 1203 Orestea
569 1136 662 1202 etiam
685 1137 973 1223 Agamemnomem
995 1131 1149 1198 contineri
1170 1129 1326 1196 voluisset
1346 1129 1592 1217 Aristophanes,
1616 1141 1744 1217 poetam
1766 1128 1846 1196 haec
1866 1129 1966 1196 verba

343 1245 503 1312 dicentem
526 1247 675 1312 fecisset:

645 1353 744 1422 Θεοὺς
767 1353 820 1438 μὲν
843 1354 919 1418 αἰτῶ
942 1353 1030 1415 τῶνδ’
1053 1351 1234 1433 ἀπαλλαγὴν
1257 1349 1370 1425 πόνων,

644 1467 781 1549 φρουρᾶς
803 1462 901 1530 ἐτείας
924 1465 1021 1544 μῆκος
1040 1485 1066 1525 a
1086 1481 1111 1522 τ.
1136 1461 1163 1524 λ.

344 1583 464 1648 Postea
484 1583 581 1648 latius
605 1581 663 1646 hoc
685 1603 801 1646 nomen
825 1592 934 1667 patere
956 1579 1121 1666 eoepit⁵⁸).

470 1691 579 1758 Unam
601 1711 679 1755 vero
701 1689 863 1774 trilogiam
887 1687 1118 1774 cognovimus,
1147 1709 1228 1772 quae
1259 1686 1345 1750 omni
1372 1686 1554 1772 argumenti
1581 1685 1711 1752 vinculo
1736 1685 1830 1773 plane
1851 1701 1967 1753 careat.

341 1801 412 1866 Iam
433 1800 620 1876 videamus,
651 1787 734 1883 duae
755 1819 795 1862 ex
818 1798 869 1862 his
890 1796 988 1862 rebus
1012 1795 1053 1860 de
1074 1795 1231 1881 Aeschyli
1255 1795 1377 1860 ratione
1399 1795 1547 1883 trilogica
1569 1795 1677 1882 colligi
1699 1796 1834 1882 possint.
1879 1795 1967 1861 Num

343 1909 500 1996 Aeschyli
520 1909 581 1974 arti
604 1907 771 1995 proprium
794 1905 908 1984 luisse,
929 1918 965 1970 ut
983 1905 1130 1992 trilogias
1151 1905 1291 1980 doceret,
1314 1927 1450 1989 quarum
1471 1902 1598 1970 fabulae
1620 1929 1718 1971 unam
1739 1905 1831 1992 quasi
1851 1906 1967 1992 triper-

343 2019 433 2086 titam
461 2017 660 2106 tragoediam
688 2017 868 2092 efficerent,
901 2037 974 2080 eum
1003 2013 1178 2079 Welckero
1206 2011 1413 2100 putabimus?
1453 2013 1672 2100 Relragantur
1693 2013 1823 2081 Persae.
1868 2015 1967 2081 Dicet

344 2129 501 2216 quispiam
525 2127 608 2192 hanc
632 2149 747 2191 unam
770 2125 867 2189 modo
900 2146 971 2189 esee
994 2125 1171 2210 trilogiam,
1203 2125 1390 2209 exceptione
1412 2135 1535 2200 autem,
1565 2135 1601 2188 ut
1625 2123 1753 2202 dicunt,
1786 2125 1967 2191 confirmari

343 2239 500 2324 regulam.
542 2235 627 2319 Quis
651 2258 729 2300 vero
753 2255 872 2314 negare
894 2233 1022 2310 audeat,
1044 2255 1108 2297 non
1132 2233 1262 2318 saepius
1286 2231 1485 2316 Aeschylum
1509 2233 1622 2298 eadem
1643 2233 1765 2299 ratione
1790 2258 1827 2300 ac
1850 2235 1968 2300 Persas

345 2347 424 2412 alias
444 2369 572 2432 quoque
597 2343 819 2431 composuisse
843 2341 1009 2427 trilogias?
1049 2339 1140 2422 Quid
1161 2341 1316 2406 tandem?
1357 2339 1518 2418 Modesto,
1548 2343 1671 2427 opinor,
1702 2343 1737 2407 id
1759 2345 1856 2408 modo
1879 2346 1968 2410 affir-

348 2478 435 2520 mare
454 2477 647 2541 possumus,
677 2453 811 2518 videri
832 2450 988 2536 Aeschyli
1010 2473 1157 2516 morem
1179 2452 1297 2534 luisset,
1327 2464 1363 2515 ut
1391 2475 1470 2534 non
1500 2473 1595 2516 raro
1623 2451 1749 2518 fabulas
1776 2467 1967 2540 argumento

345 2587 444 2630 nexas
465 2566 499 2628 in
521 2587 670 2629 scaenam
693 2563 793 2638 daret,
815 2561 898 2626 hanc
920 2561 1130 2647 componendi
1152 2562 1277 2646 legem
1299 2559 1339 2625 ab
1367 2582 1404 2625 eo
1429 2583 1490 2625 non
1514 2584 1585 2628 esse
1609 2573 1806 2648 usurpatam.

471 2675 516 2737 At
544 2675 683 2737 tortasse
710 2685 803 2756 poeta
833 2670 904 2734 aliis
934 2670 968 2734 in
996 2670 1132 2754 trilogiis
1158 2669 1266 2754 paruit
1287 2670 1437 2754 legibus?
1477 2670 1518 2734 Id
1546 2670 1607 2735 viri
1632 2669 1763 2756 quidam
1785 2671 1870 2740 docti
1892 2696 1967 2740 cen·

348 2793 492 2846 suerunt.
527 2781 574 2846 Ut
591 2780 787 2846 Welclrerus
804 2801 869 2844 non
888 2779 983 2845 modo
997 2779 1176 2864 argumenti
1191 2780 1449 2864 perpetuitatem,
1470 2779 1636 2844 sedetiam
1657 2803 1726 2846 eam
1742 2779 1783 2845 ab
1803 2781 1968 2869 Aeschylo

343 2889 546 2955 observatam
577 2911 647 2954 esse
676 2889 781 2973 legem
811 2888 872 2956 sibi
900 2890 1074 2974 persuasit,
1104 2903 1140 2952 ut
1169 2889 1253 2952 inter
1283 2889 1416 2974 primam
1441 2887 1643 2974 mediamque
1671 2890 1813 2956 fabulam
1835 2893 1969 2974 longum

345 3001 496 3085 temporis
519 2999 657 3083 spatium
681 2999 866 3075 interesset,
901 3011 938 3061 ut
967 2997 1073 3063 media
1104 2999 1212 3063 tabula
1234 3013 1360 3084 praeter
1384 3011 1505 3064 ceteras
1528 3013 1745 3066 commoveret
1765 3000 1905 3080 animos,
1936 3012 1970 3066 ut

344 3108 454 3184 tertia,
484 3130 566 3193 quae
588 3108 761 3193 praecipue
784 3107 826 3170 ad
848 3105 984 3171 deorum
1006 3107 1130 3172 cultum
1153 3107 1336 3194 pertineret,
1370 3107 1575 3173 accomodata
1597 3121 1682 3176 esset
1706 3110 1748 3174 ad
1770 3111 1894 3176 animos
1918 3132 1969 3177 se-

345 3216 471 3282 dandos
501 3215 663 3303 prioribus
692 3217 879 3303 exagitatos.
924 3220 1044 3303 Aperte
1075 3217 1154 3282 haec
1179 3217 1261 3281 salsa
1281 3231 1366 3281 sunt.
1408 3217 1521 3303 Neque
1545 3242 1697 3304 magnum
1718 3221 1873 3306 temporis
1895 3245 1969 3308 spa-

345 3325 425 3388 tium
448 3325 533 3388 inter
557 3323 728 3410 Supplices
753 3339 784 3390 et
803 3325 1057 3412 Thalamopoeos
1083 3327 1231 3408 interest,
1260 3350 1364 3412 neque
1388 3324 1520 3412 Septem
1551 3329 1660 3394 fabula
1687 3327 1729 3393 ad
1761 3330 1882 3394 cultum
1910 3329 1968 3395 de-

345 3455 440 3497 orum
461 3433 615 3518 pertinet,
644 3456 746 3518 neque
767 3436 880 3500 eadem
902 3435 1069 3520 tragoedia
1090 3435 1186 3499 animi
1207 3435 1386 3520 perturbati
1416 3451 1553 3523 possunt
1581 3437 1698 3503 sedari.
1749 3439 1855 3504 Aliam
1885 3440 1969 3506 viem

344 3543 515 3630 ingressus
537 3555 585 3607 est
606 3543 824 3620 Hermannus,
846 3543 901 3628 qui
926 3543 958 3608 in
985 3545 1210 3609 dissertatione
1232 3545 1273 3609 de
1292 3547 1521 3633 compositione
1546 3547 1833 3632 tetralogiarum⁵⁷)
1857 3563 1893 3614 ut
1913 3551 1970 3614 tri-

343 3651 452 3736 logiae
475 3674 548 3716 cum
569 3652 734 3736 voluptate
755 3667 885 3738 possent
909 3654 1030 3730 audiri,
1058 3655 1229 3718 maximam
1251 3655 1335 3720 inter
1356 3655 1502 3740 singulae
1524 3655 1651 3720 fabulas
1675 3656 1970 3725 dissimilitudinem

344 3761 449 3826 luisse
470 3761 589 3824 voluit:
626 3762 723 3836 ,Erat
744 3783 820 3828 vero
841 3763 874 3826 in
905 3763 1078 3847 tragoediis
1101 3763 1215 3848 triplex
1239 3766 1368 3828 omnino
1390 3765 1470 3839 fons,
1493 3789 1532 3828 ex
1552 3787 1617 3850 quo
1636 3765 1701 3851 peti
1723 3765 1785 3830 ista
1803 3768 1971 3834 dissimili-

346 3871 427 3934 tudo
449 3881 566 3954 posset.
598 3869 679 3933 Nam
700 3881 731 3934 et
751 3869 865 3934 animis
887 3883 919 3934 et
937 3869 1070 3936 auribus
1091 3885 1121 3934 et
1144 3873 1244 3937 oculis
1263 3873 1444 3958 prospicere
1466 3872 1562 3939 debet
1583 3888 1677 3959 poeta
1698 3877 1875 3943 scaenicus.
1905 3881 1970 3946 Ita-

346 4001 411 4064 que
433 3991 465 4042 et
488 3979 672 4043 inventione
695 3975 822 4043 tabulae
844 3995 939 4062 atque
962 3980 1208 4064 compositione,
1240 3995 1270 4044 et
1299 3986 1496 4048 canticorum
1526 3997 1792 4071 temperamento,
1819 4002 1851 4052 et
1872 4011 1970 4075 appa·

344 4103 421 4154 ratu
442 4089 489 4153 rei
511 4087 676 4154 scaenicae
698 4087 826 4151 differre
848 4087 1030 4174 tragoedias
1052 4103 1207 4174 opportet.
1237 4090 1281 4154 Et
1303 4093 1452 4178 profecto,
1475 4115 1556 4178 quae
1580 4093 1646 4158 sola
1664 4093 1767 4168 nobis,
1790 4097 1877 4180 quod
1898 4098 1970 4182 qui·

345 4199 422 4263 dem
445 4211 530 4262 certe
552 4195 703 4272 sciamus,
728 4197 854 4282 trilogia
878 4212 1035 4284 superest,
1059 4199 1189 4284 egregie
1211 4199 1287 4266 huic
1308 4202 1354 4265 rei
1379 4201 1475 4266 fidem
1497 4203 1581 4267 facit.
1614 4205 1835 4286 Agamemnon
1853 4227 1972 4292 magna

345 4321 381 4373 et
398 4308 506 4391 gravis
527 4304 646 4380 fabula,
671 4317 737 4369 tota
756 4303 798 4368 ad
817 4305 897 4388 epici
920 4307 1069 4372 carminis
1090 4309 1293 4374 severitatem
1314 4312 1488 4396 composita
1509 4364 1516 4379 .
1540 4359 1547 4375 .
1571 4359 1578 4375 .
1601 4313 1642 4376 ad
1664 4311 1843 4380 scaenicum
1863 4327 1970 4380 autem

344 4427 534 4502 apparatum
558 4413 638 4477 nihil
661 4413 788 4499 insigne
810 4427 865 4479 aut
889 4437 1007 4480 novum
1049 4415 1227 4504 Excipiunt
1253 4417 1334 4484 hanc
1356 4417 1555 4507 Choephori,
1585 4422 1677 4505 plane
1707 4421 1828 4486 diversi
1856 4423 1971 4490 coloris

453 4659 485 4725 ³⁶)
511 4657 617 4729 Optime
638 4657 704 4712 haec
724 4655 857 4727 quadrant
876 4655 902 4710 in
922 4671 969 4724 ea,
997 4671 1067 4727 quae
1086 4673 1168 4729 supra
1192 4659 1226 4713 de
1249 4659 1372 4730 trilogiae
1396 4661 1475 4716 verbo
1495 4663 1620 4733 exposui:
1649 4679 1698 4718 nec
1725 4681 1820 4721 nomen
1849 4669 1973 4725 exstabat

347 4749 539 4821 Aristophanis
557 4755 645 4806 aetate
665 4766 713 4804 nec
732 4749 772 4803 rei
791 4749 864 4804 notio
882 4750 962 4805 certis
981 4751 1078 4806 linibus
1097 4741 1305 4824 circumscripta.

453 4844 484 4910 ⁵¹)
511 4843 539 4898 L.
557 4843 574 4898 l.
594 4861 618 4912 p.
637 4844 652 4897 7
672 4841 807 4912 (Opuscul.
826 4843 857 4897 tl.
878 4861 901 4912 p.
920 4844 969 4898 311
987 4847 1061 4915 aeq.).

1755 4951 1772 5007 l
