4644 5778
352 544 398 623 14

354 762 472 827 deinde
495 761 598 826 oculis
622 785 656 826 se
679 762 782 847 privat
819 759 958 843 filiisque
986 760 1109 824 inceste
1123 762 1309 844 procreatis
1338 761 1420 826 male
1449 773 1619 846 precatur,
1649 761 1790 847 denique
1812 763 1860 829 illi
1883 763 1982 828 inter·

354 871 454 936 misso
476 869 566 934 brevi
586 871 740 955 temporis
765 869 868 955 spatio
891 867 1088 932 dissentiunt
1107 867 1191 932 inter
1213 893 1258 944 se,
1281 881 1317 934 ut
1335 867 1631 954 Polynicas'patria
1649 869 1829 954 expellatur
1845 885 1877 936 et
1897 871 1983 934 iniu-

354 979 419 1043 rias
441 1000 475 1042 se
496 977 641 1042 ulturum
665 1001 737 1044 esse
758 979 898 1042 minatus
923 976 1025 1041 abeat.
1069 973 1142 1039 Non
1162 978 1297 1042 moritur
1326 976 1360 1042 in
1386 977 1448 1042 hac
1476 977 1586 1043 lahula
1610 974 1778 1062 Oedipus,
1810 979 1868 1044 sed
1894 973 1983 1064 quod

355 1087 551 1170 aliquantum
581 1087 734 1171 temporis
763 1087 846 1150 inter
865 1082 1030 1170 Oedipum
1057 1095 1090 1147 et
1112 1083 1244 1168 Septem
1272 1083 1414 1150 fabulam
1435 1085 1659 1150 intercessisse
1681 1109 1814 1152 neeesse
1835 1099 1894 1162 est,
1918 1109 1982 1170 quo

355 1193 528 1277 Polynices
552 1198 660 1278 Argos
683 1217 718 1260 se
740 1173 900 1261 conferret
921 1203 953 1256 et
973 1192 1107 1256 Adrasti
1126 1213 1228 1276 gener
1248 1193 1351 1257 lactus
1372 1195 1572 1278 Argivorum
1601 1194 1778 1258 exercitum
1804 1193 1985 1279 colligeret,

354 1303 477 1368 interea
497 1325 571 1367 eum
594 1302 661 1366 vita
683 1301 864 1366 decessisse
886 1299 1067 1385 putandum
1091 1311 1149 1366 est.
1799 1374 1802 1382 Ι

481 1410 602 1486 Tertia,
615 1431 697 1495 quae
712 1421 980 1474 commemoratur
994 1407 1306 1494 trilogia,Lyourgia
1318 1409 1486 1484 est„cuius
1495 1409 1690 1474 mentionem
1704 1411 1780 1476 fecit
1795 1409 1983 1476 scholiastes

355 1519 397 1584 ad
414 1519 580 1604 Aristoph.
595 1517 793 1603 Thesmoph.
811 1541 843 1580 v.
860 1518 930 1582 142.
964 1515 1081 1580 Narrat
1094 1515 1316 1600 Apollodorus
1335 1518 1383 1596 (in
1402 1515 1553 1582 Biblioth.
1577 1517 1607 1593 3,
1623 1521 1652 1594 5,
1670 1523 1703 1602 1)
1727 1517 1874 1604 Lycurgi
1896 1517 1983 1604 regis

355 1627 535 1702 historiam,
560 1627 616 1711 qui
640 1626 804 1691 Bacchum
828 1647 867 1688 ex
889 1623 971 1688 Asia
993 1625 1181 1708 profectum,
1204 1647 1278 1689 cum
1299 1623 1341 1688 ad
1361 1624 1496 1690 Edonos
1518 1626 1671 1702 venisset,
1693 1625 1813 1690 linibus
1835 1625 1903 1690 suis
1926 1647 1983 1690 ex-

312 1713 317 1721 .
354 1737 438 1823 pulit
473 1735 670 1819 comitesque
707 1735 777 1798 eius
811 1731 955 1796 Bacchas
983 1731 1017 1794 iu
1052 1731 1180 1795 vincula
1203 1733 1354 1808 coniecit;
1393 1733 1488 1818 paulo
1510 1745 1583 1818 post
1604 1745 1711 1798 autem
1735 1735 1837 1798 adeo
1859 1733 1985 1798 insania

357 1846 494 1910 affectus
513 1845 695 1928 Dryantem
716 1841 818 1905 filium
839 1840 958 1904 occidit
978 1862 1076 1924 seque
1096 1839 1165 1924 ipse
1185 1841 1354 1916 mutilavit,
1373 1863 1438 1924 quo
1459 1843 1544 1906 facto
1568 1841 1776 1906 reconvaluit.
1820 1839 1887 1906 Sed
1909 1864 1983 1906 cum

355 1965 440 2017 terra
461 1951 609 2016 infertilis
630 1961 715 2016 esset
737 1949 884 2034 deusque
909 1948 1056 2032 Lycurgi
1079 1961 1178 2012 morte
1200 1949 1283 2012 hanc
1305 1949 1516 2014 calamitatem
1542 1950 1608 2014 tolli
1632 1973 1728 2036 posse
1752 1949 1906 2027 d'uisset,
1928 1949 1983 2014 ille

356 2083 376 2124 a
395 2061 463 2125 suis
481 2062 513 2124 in
530 2060 719 2146 Pangaeum
739 2067 879 2123 montem
900 2055 1019 2120 ductus
1040 2055 1086 2121 ibi
1103 2055 1233 2120 interiit.
1269 2056 1362 2121 Idem
1382 2059 1448 2123 fere
1468 2060 1616 2146 trilogiae
1636 2071 1864 2146 argumentum
1884 2059 1983 2124 fuisse

356 2169 551 2235 Welckerus
575 2167 740 2232 contendit
761 2167 794 2230 iu
816 2166 909 2240 libro,
933 2187 1029 2249 quem
1052 2165 1232 2250 composuit
1255 2165 1296 2228 de
1318 2165 1575 2250 Prometheo³¹),
1602 2191 1676 2232 oum
1699 2169 1732 2232 in
1752 2190 1790 2231 ea
1811 2190 1846 2230 re
1867 2190 1886 2230 a
1906 2187 1984 2232 vero

357 2277 529 2353 aberraret,
542 2275 631 2361 quod
648 2275 765 2340 Bacchi
790 2274 943 2350 nutrices,
968 2273 1113 2348 Edonos,
1126 2272 1317 2360 Lycurgum
1339 2287 1404 2340 tres
1427 2275 1575 2361 trilogiae
1597 2275 1781 2357 tragoedias
1802 2275 1902 2339 luisse
1921 2297 1983 2360 pu·

355 2385 454 2450 tabat.
499 2384 601 2449 Paulo
624 2395 695 2469 post
728 2405 802 2446 oum
825 2381 970 2446 scholion
991 2381 1073 2444 illud
1095 2403 1114 2443 a
1136 2381 1179 2446 G.
1200 2382 1387 2448 Hermanno
1411 2384 1532 2469 publici
1556 2383 1636 2448 iuris
1659 2395 1744 2448 esset
1764 2383 1894 2459 lactum,
1916 2405 1984 2448 rem

359 2494 462 2580 ipsam
488 2517 553 2558 non
578 2493 713 2556 multum
736 2491 925 2566 immutavit,
946 2489 1034 2553 chori
1057 2511 1134 2552 vero
1157 2503 1264 2575 partes
1286 2491 1378 2556 aliter
1400 2491 1576 2567 distribuit,
1601 2491 1692 2556 sicuti
1715 2490 1885 2576 debuitfl).
1928 2491 1984 2556 Sic

357 2602 458 2688 igitur
480 2603 531 2666 vir
555 2601 671 2665 doctus
694 2600 735 2664 de
757 2602 818 2664 hac
838 2599 968 2684 trilogia
989 2598 1109 2662 statuit.
1149 2599 1188 2663 In
1211 2600 1314 2684 prima
1334 2599 1443 2664 sabula
1465 2599 1585 2665 Bacchi
1606 2599 1640 2664 in
1671 2599 1793 2686 regiam
1823 2599 1982 2664 adventus

359 2711 477 2795 agitur,
499 2709 676 2795 Lycurgus
701 2710 730 2774 ei
753 2707 892 2784 obsistit,
917 2706 1082 2772 Bacchum
1104 2719 1135 2770 et
1158 2707 1313 2783 Bacchas,
1334 2730 1416 2792 quae
1441 2709 1531 2794 ipsae
1555 2709 1588 2772 in
1613 2731 1759 2774 scaenam
1781 2707 1983 2794 prodierunt,

359 2819 454 2904 capit.
494 2820 532 2883 In
554 2817 783 2884 Bassaridihus
806 2815 952 2881 Bacchus
974 2837 1008 2880 se
1032 2817 1227 2898 comitesque
1249 2817 1357 2882 subito
1379 2816 1510 2891 liberat,
1543 2828 1612 2881 tum
1635 2817 1811 2902 Lycurgus
1841 2816 1983 2881 insanire

357 2927 460 3012 coepit
481 2927 651 3011 furoreque
672 2937 785 3011 captus
807 2923 909 2988 filium
930 2923 1063 2998 occidit;
1096 2923 1244 3010 Lycurgi
1268 2925 1408 3010 denique
1434 2948 1539 3010 poena
1556 2926 1590 2989 in
1610 2925 1703 2990 tertia
1724 2925 1831 3012 agitur
1852 2939 1981 3012 tragoe-

360 3034 424 3110 dia,
445 3035 501 3118 qui
521 3033 727 3112 aNeaniscis,
749 3035 770 3098 i.
782 3057 810 3098 e.
833 3057 852 3099 a
869 3030 1007 3116 Satyris,
1028 3031 1061 3094 in
1084 3045 1211 3096 antrum
1226 3033 1412 3098 includitur.
1448 3033 1590 3100 Interfici
1611 3057 1685 3098 eum
1706 3055 1771 3098 non
1791 3034 1859 3098 veri
1880 3033 1984 3100 simile

358 3165 431 3207 esse
443 3140 636 3207 Welckerus
648 3155 750 3228 putat,
774 3159 805 3207 et
826 3142 913 3227 quod
932 3153 1043 3225 postea
1065 3141 1097 3205 in
1122 3141 1232 3205 fabula
1254 3142 1394 3226 satyrica
1415 3155 1490 3226 agat
1511 3157 1617 3226 partes
1639 3155 1671 3207 et
1692 3142 1780 3227 quod
1803 3139 1983 3228 Sophocles

360 3249 394 3313 in
417 3251 565 3316 versibus
588 3251 772 3334 Antigonae
796 3253 979 3316 954—956:

661 3381 786 3468 Ζεύχύη
811 3385 836 3446 δ’
861 3383 1011 3467 ὀξύχολος
1033 3387 1104 3448 παῖς
1129 3386 1145 3446 ὁ
1170 3382 1324 3466 Δρύαντος

662 3489 809 3554 Ἠδωνῶν
834 3489 976 3576 βασιλεὺς
998 3491 1169 3573 κερτομίοις
1192 3491 1297 3573 ὀργαῖς

662 3599 696 3662 ἐκ
718 3599 869 3662 Διονύσου
891 3599 1043 3682 πετρώδει
1065 3599 1280 3682 κατάφρακτος
1306 3599 1337 3660 ἐν
1361 3599 1476 3686 δεσμῷ,

359 3732 442 3796 hanc
466 3731 612 3816 Lycurgi
641 3746 758 3795 sortem
787 3731 889 3794 luisse
912 3729 1013 3805 dicat,
1046 3751 1143 3812 quem
1174 3730 1208 3792 in
1236 3753 1270 3795 re
1300 3732 1441 3798 breviter
1468 3745 1718 3798 commemorata
1748 3731 1789 3796 ab
1820 3731 1984 3816 Aeschylo

358 3840 534 3905 recessisse
554 3861 618 3904 non
643 3839 684 3904 sit
705 3839 774 3902 veri
797 3838 909 3902 simile.
954 3837 1062 3902 Aliter
1085 3859 1121 3900 ac
1143 3837 1338 3904 Welclrerus
1364 3839 1406 3904 G.
1426 3841 1634 3908 Hermaunus
1666 3853 1893 3924 argumentum
1926 3841 1983 3904 tri·

358 3948 464 4034 logias
486 3948 651 4012 constituit
673 3948 705 4012 in
730 3947 966 4021 dissertatione,
989 3967 1087 4030 quam
1111 3947 1238 4030 scripsit
1262 3947 1303 4011 de
1325 3947 1479 4034 Aeschyli
1503 3950 1734 4036 Lycurgia22),
1767 3948 1824 4014 uhi
1848 3949 1889 4013 de
1910 3950 1984 4014 uni·

319 4095 322 4100 ·
358 4079 453 4122 versa
472 4055 601 4140 trilogia
618 4057 748 4140 scripsit
768 4059 816 4140 (p.
833 4058 905 4138 20):
931 4055 982 4131 „in
1001 4053 1139 4130 Edonis,
1161 4053 1309 4119 ferociter
1330 4070 1498 4139 grassante
1519 4057 1688 4143 Lycurgo,
1711 4057 1874 4122 Bacchum
1894 4057 1984 4122 clade

360 4178 491 4249 accepta
522 4186 595 4228 cum
617 4164 685 4230 suis
708 4187 779 4230 esse
802 4175 947 4250 captum3
969 4162 1001 4225 in
1022 4162 1250 4228 Bassaridihus
1273 4164 1394 4231 solutas
1419 4189 1458 4230 cx
1478 4167 1615 4232 vinculis
1636 4167 1779 4231 Bacchas
1801 4165 1984 4251 superiores

294 4321 299 4334 .
359 4274 501 4339 evasisse
522 4275 748 4358 infensumque
764 4269 891 4336 Baccho
908 4270 1119 4356 discerpsisse
1133 4271 1318 4357 Orpheum3
1342 4275 1374 4338 in
1388 4273 1557 4342 Neaniscis
1574 4277 1711 4340 iuvenes
1723 4275 1857 4340 Edonos
1874 4273 1984 4358 agnita

463 4493 494 4556 ³¹)
520 4491 572 4546 Die
591 4489 713 4561 Aeschyl.
752 4488 871 4558 Trilogic
888 4491 938 4542 etc.
968 4505 992 4558 p.
1011 4487 1071 4542 320.

463 4585 496 4651 ²²)
520 4583 657 4654 Nachtrag
678 4600 726 4638 zur
743 4580 845 4637 Schriit
864 4584 914 4635 etc.
942 4597 966 4650 p.
989 4580 1039 4634 105
1057 4596 1113 4650 seq.

461 4678 494 4742 ιι)
521 4675 602 4730 suita
620 4681 661 4730 ast
680 4691 750 4732 anno
771 4676 845 4729 1831.
878 4673 931 4728 vid.
950 4688 1041 4744 opusc.
1062 4671 1094 4726 V·
1116 4689 1140 4741 u·
1163 4673 1177 4726 1
1198 4687 1253 4741 ⁸0l·
