<?xml version="1.0" encoding="UTF-8"?>
<!DOCTYPE html PUBLIC "-//W3C//DTD XHTML 1.0 Transitional//EN"
    "http://www.w3.org/TR/xhtml1/DTD/xhtml1-transitional.dtd">
<html xmlns="http://www.w3.org/1999/xhtml" xml:lang="en" lang="en">
 <head>
  <title>
</title>
<meta http-equiv="Content-Type" content="text/html;charset=utf-8" />
  <meta name='ocr-system' content='tesseract 3.04.00' />
  <meta name='ocr-capabilities' content='ocr_page ocr_carea ocr_par ocr_line ocrx_word'/>
</head>
<body>
  <div class='ocr_page' id='page_1' title='image "./quaestionesdetr00wetzgoog_0022.png"; bbox 0 0 4644 5778; ppageno 0'>
   <div class='ocr_carea' id='block_1_1' title="bbox 1915 541 1960 622">
    <p class='ocr_par' dir='ltr' id='par_1_1' title="bbox 1915 541 1960 622">
     <span class='ocr_line' id='line_1_1' title="bbox 1915 541 1960 622; baseline 0 0"><span class='ocrx_word' id='word_1_1' title='bbox 1915 541 1960 622; x_wconf 87' lang='lat'>15</span> 
     </span>
    </p>
   </div>
   <div class='ocr_carea' id='block_1_2' title="bbox 209 735 1967 850">
    <p class='ocr_par' dir='ltr' id='par_1_2' title="bbox 209 735 1967 850">
     <span class='ocr_line' id='line_1_2' title="bbox 209 735 1967 850; baseline 0.001 -25"><span class='ocrx_word' id='word_1_2' title='bbox 209 755 212 762; x_wconf 72' lang='grc'>’</span> <span class='ocrx_word' id='word_1_3' title='bbox 298 771 304 784; x_wconf 88' lang='grc'><em>·</em></span> <span class='ocrx_word' id='word_1_4' title='bbox 336 760 390 825; x_wconf 90' lang='lat' dir='ltr'>dei</span> <span class='ocrx_word' id='word_1_5' title='bbox 413 761 556 850; x_wconf 86' lang='lat' dir='ltr'>potentia</span> <span class='ocrx_word' id='word_1_6' title='bbox 588 781 680 825; x_wconf 84' lang='lat' dir='ltr'>sacra</span> <span class='ocrx_word' id='word_1_7' title='bbox 710 761 781 824; x_wconf 87' lang='lat' dir='ltr'>eius</span> <span class='ocrx_word' id='word_1_8' title='bbox 805 735 989 845; x_wconf 85' lang='lat' dir='ltr'>amplexos,</span> <span class='ocrx_word' id='word_1_9' title='bbox 1022 779 1094 822; x_wconf 87' lang='lat' dir='ltr'>cum</span> <span class='ocrx_word' id='word_1_10' title='bbox 1126 757 1221 822; x_wconf 86' lang='lat' dir='ltr'>ctiam</span> <span class='ocrx_word' id='word_1_11' title='bbox 1242 759 1421 846; x_wconf 84' lang='lat' dir='ltr'>Lycurgus</span> <span class='ocrx_word' id='word_1_12' title='bbox 1449 761 1643 847; x_wconf 78' lang='lat' dir='ltr'>impietatem</span> <span class='ocrx_word' id='word_1_13' title='bbox 1671 761 1801 840; x_wconf 82' lang='lat' dir='ltr'>luisset,</span> <span class='ocrx_word' id='word_1_14' title='bbox 1833 762 1967 826; x_wconf 89' lang='lat' dir='ltr'>deorum</span> 
     </span>
    </p>
   </div>
   <div class='ocr_carea' id='block_1_3' title="bbox 266 863 1966 4098">
    <p class='ocr_par' dir='ltr' id='par_1_3' title="bbox 334 863 1966 1277">
     <span class='ocr_line' id='line_1_3' title="bbox 338 863 1966 956; baseline 0.002 -23"><span class='ocrx_word' id='word_1_15' title='bbox 338 890 572 934; x_wconf 88' lang='lat' dir='ltr'>eum-numero</span> <span class='ocrx_word' id='word_1_16' title='bbox 594 868 741 931; x_wconf 89' lang='lat' dir='ltr'>additum</span> <span class='ocrx_word' id='word_1_17' title='bbox 766 869 948 932; x_wconf 85' lang='lat' dir='ltr'>coniunctis</span> <span class='ocrx_word' id='word_1_18' title='bbox 975 887 1049 929; x_wconf 89' lang='lat' dir='ltr'>cum</span> <span class='ocrx_word' id='word_1_19' title='bbox 1070 863 1201 930; x_wconf 90' lang='lat' dir='ltr'>Baccho</span> <span class='ocrx_word' id='word_1_20' title='bbox 1230 870 1330 934; x_wconf 87' lang='lat' dir='ltr'>sacris</span> <span class='ocrx_word' id='word_1_21' title='bbox 1361 870 1530 934; x_wconf 83' lang='lat' dir='ltr'>coluisse.“</span> <span class='ocrx_word' id='word_1_22' title='bbox 1584 871 1636 934; x_wconf 89' lang='lat' dir='ltr'>Ac</span> <span class='ocrx_word' id='word_1_23' title='bbox 1662 871 1803 954; x_wconf 90' lang='lat' dir='ltr'>primum</span> <span class='ocrx_word' id='word_1_24' title='bbox 1833 871 1966 956; x_wconf 87' lang='lat' dir='ltr'>quidem</span> 
     </span>
     <span class='ocr_line' id='line_1_4' title="bbox 337 961 1966 1064; baseline -0.001 -22"><span class='ocrx_word' id='word_1_25' title='bbox 337 977 407 1042; x_wconf 90' lang='lat' dir='ltr'>iure</span> <span class='ocrx_word' id='word_1_26' title='bbox 430 961 585 1042; x_wconf 85' lang='lat' dir='ltr'>dissensit</span> <span class='ocrx_word' id='word_1_27' title='bbox 609 975 824 1041; x_wconf 87' lang='lat' dir='ltr'>aWclckero</span> <span class='ocrx_word' id='word_1_28' title='bbox 844 975 1063 1051; x_wconf 83' lang='lat' dir='ltr'>Hermannua,</span> <span class='ocrx_word' id='word_1_29' title='bbox 1091 974 1178 1058; x_wconf 89' lang='lat' dir='ltr'>quod</span> <span class='ocrx_word' id='word_1_30' title='bbox 1203 975 1348 1040; x_wconf 85' lang='lat' dir='ltr'>Bacchas</span> <span class='ocrx_word' id='word_1_31' title='bbox 1371 977 1404 1040; x_wconf 94' lang='lat' dir='ltr'>in</span> <span class='ocrx_word' id='word_1_32' title='bbox 1427 999 1543 1041; x_wconf 85' lang='lat' dir='ltr'>scaena</span> <span class='ocrx_word' id='word_1_33' title='bbox 1563 979 1752 1064; x_wconf 81' lang='lat' dir='ltr'>apparuisse</span> <span class='ocrx_word' id='word_1_34' title='bbox 1776 978 1915 1061; x_wconf 83' lang='lat' dir='ltr'>negabat</span> <span class='ocrx_word' id='word_1_35' title='bbox 1935 990 1966 1042; x_wconf 93' lang='lat' dir='ltr'>et</span> 
     </span>
     <span class='ocr_line' id='line_1_5' title="bbox 334 1083 1964 1170; baseline 0.002 -20"><span class='ocrx_word' id='word_1_36' title='bbox 334 1108 467 1161; x_wconf 82' lang='lat' dir='ltr'>versus,</span> <span class='ocrx_word' id='word_1_37' title='bbox 497 1083 554 1169; x_wconf 91' lang='lat' dir='ltr'>qui</span> <span class='ocrx_word' id='word_1_38' title='bbox 575 1095 702 1149; x_wconf 83' lang='lat' dir='ltr'>exstant</span> <span class='ocrx_word' id='word_1_39' title='bbox 722 1085 756 1148; x_wconf 94' lang='lat' dir='ltr'>in</span> <span class='ocrx_word' id='word_1_40' title='bbox 779 1083 1007 1170; x_wconf 82' lang='lat' dir='ltr'>Aristophanis</span> <span class='ocrx_word' id='word_1_41' title='bbox 1030 1083 1227 1168; x_wconf 85' lang='lat' dir='ltr'>Thesmoph.</span> <span class='ocrx_word' id='word_1_42' title='bbox 1250 1083 1326 1148; x_wconf 89' lang='lat' dir='ltr'>inde</span> <span class='ocrx_word' id='word_1_43' title='bbox 1345 1107 1364 1148; x_wconf 88' lang='lat' dir='ltr'>a</span> <span class='ocrx_word' id='word_1_44' title='bbox 1386 1087 1445 1150; x_wconf 77' lang='lat'>134</span> <span class='ocrx_word' id='word_1_45' title='bbox 1473 1086 1641 1169; x_wconf 85' lang='lat' dir='ltr'>usquead</span> <span class='ocrx_word' id='word_1_46' title='bbox 1665 1089 1725 1151; x_wconf 78' lang='lat'>142</span> <span class='ocrx_word' id='word_1_47' title='bbox 1752 1108 1815 1150; x_wconf 91' lang='lat' dir='ltr'>non</span> <span class='ocrx_word' id='word_1_48' title='bbox 1843 1107 1964 1163; x_wconf 86' lang='lat' dir='ltr'>omnes,</span> 
     </span>
     <span class='ocr_line' id='line_1_6' title="bbox 340 1191 1279 1277; baseline -0.005 -18"><span class='ocrx_word' id='word_1_49' title='bbox 340 1194 521 1260; x_wconf 88' lang='lat' dir='ltr'>sedunum</span> <span class='ocrx_word' id='word_1_50' title='bbox 548 1191 645 1257; x_wconf 88' lang='lat' dir='ltr'>modo</span> <span class='ocrx_word' id='word_1_51' title='bbox 666 1192 824 1277; x_wconf 79' lang='lat' dir='ltr'><strong>Aeschyli</strong></span> <span class='ocrx_word' id='word_1_52' title='bbox 847 1215 928 1267; x_wconf 87' lang='lat' dir='ltr'>esse,</span> <span class='ocrx_word' id='word_1_53' title='bbox 952 1214 1082 1256; x_wconf 87' lang='lat' dir='ltr'>versum</span> <span class='ocrx_word' id='word_1_54' title='bbox 1108 1191 1182 1255; x_wconf 89' lang='lat' dir='ltr'>dico</span> <span class='ocrx_word' id='word_1_55' title='bbox 1205 1195 1279 1260; x_wconf 80' lang='lat'><strong>136:</strong></span> 
     </span>
    </p>

    <p class='ocr_par' dir='ltr' id='par_1_4' title="bbox 334 1301 1965 2796">
     <span class='ocr_line' id='line_1_7' title="bbox 639 1301 1395 1385; baseline 0.001 -22"><span class='ocrx_word' id='word_1_56' title='bbox 639 1303 781 1370; x_wconf 82' lang='grc' dir='ltr'>ποδαπὸς</span> <span class='ocrx_word' id='word_1_57' title='bbox 805 1305 820 1365; x_wconf 82' lang='grc' dir='ltr'><strong>ὁ</strong></span> <span class='ocrx_word' id='word_1_58' title='bbox 843 1301 958 1384; x_wconf 60' lang='lat' dir='ltr'>pirrum</span> <span class='ocrx_word' id='word_1_59' title='bbox 978 1304 1022 1372; x_wconf 81' lang='grc' dir='ltr'>τίς</span> <span class='ocrx_word' id='word_1_60' title='bbox 1039 1304 1155 1385; x_wconf 71' lang='grc' dir='ltr'>πάτρας</span> <span class='ocrx_word' id='word_1_61' title='bbox 1180 1303 1260 1382; x_wconf 67' lang='lat' dir='ltr'>rich</span> <span class='ocrx_word' id='word_1_62' title='bbox 1285 1303 1395 1382; x_wconf 82' lang='grc' dir='ltr'>στολή;</span> 
     </span>
     <span class='ocr_line' id='line_1_8' title="bbox 342 1408 1965 1497; baseline 0.001 -23"><span class='ocrx_word' id='word_1_63' title='bbox 342 1431 480 1493; x_wconf 89' lang='lat' dir='ltr'>eumque</span> <span class='ocrx_word' id='word_1_64' title='bbox 502 1410 543 1474; x_wconf 86' lang='lat' dir='ltr'>de</span> <span class='ocrx_word' id='word_1_65' title='bbox 567 1409 696 1475; x_wconf 89' lang='lat' dir='ltr'>Baccho</span> <span class='ocrx_word' id='word_1_66' title='bbox 720 1410 843 1474; x_wconf 89' lang='lat' dir='ltr'>dictum</span> <span class='ocrx_word' id='word_1_67' title='bbox 865 1433 936 1476; x_wconf 87' lang='lat' dir='ltr'>esse</span> <span class='ocrx_word' id='word_1_68' title='bbox 962 1411 1074 1476; x_wconf 91' lang='lat' dir='ltr'>voluit.</span> <span class='ocrx_word' id='word_1_69' title='bbox 1120 1408 1219 1492; x_wconf 83' lang='lat' dir='ltr'>Quod</span> <span class='ocrx_word' id='word_1_70' title='bbox 1242 1432 1318 1474; x_wconf 80' lang='lat' dir='ltr'>vero</span> <span class='ocrx_word' id='word_1_71' title='bbox 1341 1409 1382 1473; x_wconf 87' lang='lat' dir='ltr'>de</span> <span class='ocrx_word' id='word_1_72' title='bbox 1406 1408 1573 1474; x_wconf 82' lang='lat' dir='ltr'>Neaniecis</span> <span class='ocrx_word' id='word_1_73' title='bbox 1601 1431 1669 1473; x_wconf 84' lang='lat' dir='ltr'>earn</span> <span class='ocrx_word' id='word_1_74' title='bbox 1696 1411 1819 1494; x_wconf 82' lang='lat' dir='ltr'>profert</span> <span class='ocrx_word' id='word_1_75' title='bbox 1840 1412 1965 1497; x_wconf 91' lang='lat' dir='ltr'>opinio-</span> 
     </span>
     <span class='ocr_line' id='line_1_9' title="bbox 335 1516 1963 1602; baseline 0.001 -19"><span class='ocrx_word' id='word_1_76' title='bbox 335 1542 420 1594; x_wconf 86' lang='lat' dir='ltr'><strong>nem,</strong></span> <span class='ocrx_word' id='word_1_77' title='bbox 444 1529 481 1582; x_wconf 86' lang='lat' dir='ltr'>ut</span> <span class='ocrx_word' id='word_1_78' title='bbox 501 1519 574 1583; x_wconf 88' lang='lat' dir='ltr'>illos</span> <span class='ocrx_word' id='word_1_79' title='bbox 596 1519 732 1584; x_wconf 86' lang='lat' dir='ltr'>iuvenes</span> <span class='ocrx_word' id='word_1_80' title='bbox 757 1518 889 1583; x_wconf 86' lang='lat' dir='ltr'>Edonos</span> <span class='ocrx_word' id='word_1_81' title='bbox 912 1519 988 1584; x_wconf 90' lang='lat' dir='ltr'>novi</span> <span class='ocrx_word' id='word_1_82' title='bbox 1011 1519 1063 1583; x_wconf 86' lang='lat' dir='ltr'>dei</span> <span class='ocrx_word' id='word_1_83' title='bbox 1087 1517 1177 1583; x_wconf 91' lang='lat' dir='ltr'>cultu</span> <span class='ocrx_word' id='word_1_84' title='bbox 1200 1528 1328 1602; x_wconf 90' lang='lat' dir='ltr'>recepto</span> <span class='ocrx_word' id='word_1_85' title='bbox 1350 1517 1507 1582; x_wconf 89' lang='lat' dir='ltr'>Bacchica</span> <span class='ocrx_word' id='word_1_86' title='bbox 1530 1540 1622 1582; x_wconf 87' lang='lat' dir='ltr'>sacra</span> <span class='ocrx_word' id='word_1_87' title='bbox 1643 1516 1840 1584; x_wconf 74' lang='lat' dir='ltr'>celebrantes</span> <span class='ocrx_word' id='word_1_88' title='bbox 1862 1519 1963 1584; x_wconf 86' lang='lat' dir='ltr'>luisse</span> 
     </span>
     <span class='ocr_line' id='line_1_10' title="bbox 335 1625 1963 1712; baseline 0.002 -23"><span class='ocrx_word' id='word_1_89' title='bbox 335 1625 438 1702; x_wconf 88' lang='lat' dir='ltr'>dicat,</span> <span class='ocrx_word' id='word_1_90' title='bbox 469 1649 580 1702; x_wconf 88' lang='lat' dir='ltr'>nemo,</span> <span class='ocrx_word' id='word_1_91' title='bbox 611 1629 667 1711; x_wconf 91' lang='lat' dir='ltr'>qui</span> <span class='ocrx_word' id='word_1_92' title='bbox 695 1649 805 1691; x_wconf 87' lang='lat' dir='ltr'>secum</span> <span class='ocrx_word' id='word_1_93' title='bbox 835 1627 1050 1711; x_wconf 85' lang='lat' dir='ltr'>reputaverit,</span> <span class='ocrx_word' id='word_1_94' title='bbox 1079 1650 1173 1712; x_wconf 89' lang='lat' dir='ltr'>quem</span> <span class='ocrx_word' id='word_1_95' title='bbox 1203 1639 1367 1711; x_wconf 85' lang='lat' dir='ltr'>aspectum</span> <span class='ocrx_word' id='word_1_96' title='bbox 1397 1626 1529 1690; x_wconf 84' lang='lat' dir='ltr'>iuvenes</span> <span class='ocrx_word' id='word_1_97' title='bbox 1555 1649 1627 1691; x_wconf 89' lang='lat' dir='ltr'>cum</span> <span class='ocrx_word' id='word_1_98' title='bbox 1654 1625 1766 1690; x_wconf 90' lang='lat' dir='ltr'>caudis</span> <span class='ocrx_word' id='word_1_99' title='bbox 1789 1628 1963 1712; x_wconf 77' lang='lat' dir='ltr'>equinis³⁴)</span> 
     </span>
     <span class='ocr_line' id='line_1_11' title="bbox 336 1733 1963 1822; baseline 0.002 -24"><span class='ocrx_word' id='word_1_100' title='bbox 336 1757 389 1800; x_wconf 90' lang='lat' dir='ltr'>res</span> <span class='ocrx_word' id='word_1_101' title='bbox 420 1737 520 1800; x_wconf 87' lang='lat' dir='ltr'>serias</span> <span class='ocrx_word' id='word_1_102' title='bbox 552 1749 685 1822; x_wconf 84' lang='lat' dir='ltr'>agentes</span> <span class='ocrx_word' id='word_1_103' title='bbox 715 1737 747 1800; x_wconf 92' lang='lat' dir='ltr'>in</span> <span class='ocrx_word' id='word_1_104' title='bbox 778 1757 892 1800; x_wconf 88' lang='lat' dir='ltr'>scaena</span> <span class='ocrx_word' id='word_1_105' title='bbox 920 1735 1108 1821; x_wconf 79' lang='lat' dir='ltr'>praebuisse</span> <span class='ocrx_word' id='word_1_106' title='bbox 1137 1758 1270 1800; x_wconf 85' lang='lat' dir='ltr'>neccsse</span> <span class='ocrx_word' id='word_1_107' title='bbox 1301 1735 1357 1810; x_wconf 88' lang='lat' dir='ltr'>sit,</span> <span class='ocrx_word' id='word_1_108' title='bbox 1391 1733 1614 1799; x_wconf 87' lang='lat' dir='ltr'>Hermannum</span> <span class='ocrx_word' id='word_1_109' title='bbox 1646 1735 1839 1821; x_wconf 90' lang='lat' dir='ltr'>prudentius</span> <span class='ocrx_word' id='word_1_110' title='bbox 1865 1759 1963 1821; x_wconf 85' lang='lat' dir='ltr'>quem</span> 
     </span>
     <span class='ocr_line' id='line_1_12' title="bbox 335 1825 1962 1930; baseline 0 -20"><span class='ocrx_word' id='word_1_111' title='bbox 335 1843 549 1910; x_wconf 86' lang='lat' dir='ltr'>Welckerurn</span> <span class='ocrx_word' id='word_1_112' title='bbox 572 1825 749 1929; x_wconf 86' lang='lat' dir='ltr'>desatyris</span> <span class='ocrx_word' id='word_1_113' title='bbox 771 1845 962 1930; x_wconf 79' lang='lat' dir='ltr'>cogitantem</span> <span class='ocrx_word' id='word_1_114' title='bbox 984 1843 1147 1908; x_wconf 87' lang='lat' dir='ltr'>iudicasse</span> <span class='ocrx_word' id='word_1_115' title='bbox 1166 1842 1309 1928; x_wconf 87' lang='lat' dir='ltr'>negabit.</span> <span class='ocrx_word' id='word_1_116' title='bbox 1347 1843 1399 1907; x_wconf 93' lang='lat' dir='ltr'>De</span> <span class='ocrx_word' id='word_1_117' title='bbox 1418 1841 1540 1928; x_wconf 86' lang='lat' dir='ltr'>poenis,</span> <span class='ocrx_word' id='word_1_118' title='bbox 1559 1866 1640 1928; x_wconf 85' lang='lat' dir='ltr'>quas</span> <span class='ocrx_word' id='word_1_119' title='bbox 1660 1843 1757 1908; x_wconf 88' lang='lat' dir='ltr'>luerit</span> <span class='ocrx_word' id='word_1_120' title='bbox 1775 1843 1962 1930; x_wconf 88' lang='lat' dir='ltr'>Lycurgus,</span> 
     </span>
     <span class='ocr_line' id='line_1_13' title="bbox 334 1951 1963 2038; baseline 0.001 -22"><span class='ocrx_word' id='word_1_121' title='bbox 334 1951 545 2016; x_wconf 87' lang='lat' dir='ltr'>Hermannus</span> <span class='ocrx_word' id='word_1_122' title='bbox 568 1975 642 2017; x_wconf 92' lang='lat' dir='ltr'>cum</span> <span class='ocrx_word' id='word_1_123' title='bbox 667 1953 842 2017; x_wconf 87' lang='lat' dir='ltr'>Welckero</span> <span class='ocrx_word' id='word_1_124' title='bbox 866 1952 1069 2016; x_wconf 76' lang='lat' dir='ltr'>consentiens</span> <span class='ocrx_word' id='word_1_125' title='bbox 1090 1974 1200 2038; x_wconf 84' lang='lat' dir='ltr'>regern</span> <span class='ocrx_word' id='word_1_126' title='bbox 1229 1952 1261 2014; x_wconf 93' lang='lat' dir='ltr'>in</span> <span class='ocrx_word' id='word_1_127' title='bbox 1291 1975 1369 2016; x_wconf 86' lang='lat' dir='ltr'>saxa</span> <span class='ocrx_word' id='word_1_128' title='bbox 1390 1951 1552 2014; x_wconf 86' lang='lat' dir='ltr'>inclusum</span> <span class='ocrx_word' id='word_1_129' title='bbox 1581 1975 1652 2016; x_wconf 88' lang='lat' dir='ltr'>esse</span> <span class='ocrx_word' id='word_1_130' title='bbox 1683 1963 1784 2038; x_wconf 87' lang='lat' dir='ltr'>putat.</span> <span class='ocrx_word' id='word_1_131' title='bbox 1832 1953 1899 2018; x_wconf 82' lang='lat' dir='ltr'>Sed</span> <span class='ocrx_word' id='word_1_132' title='bbox 1922 1977 1963 2018; x_wconf 91' lang='lat' dir='ltr'>ne</span> 
     </span>
     <span class='ocr_line' id='line_1_14' title="bbox 335 2059 1963 2146; baseline 0.001 -21"><span class='ocrx_word' id='word_1_133' title='bbox 335 2061 421 2125; x_wconf 87' lang='lat' dir='ltr'>idem</span> <span class='ocrx_word' id='word_1_134' title='bbox 442 2061 503 2135; x_wconf 90' lang='lat' dir='ltr'>vir,</span> <span class='ocrx_word' id='word_1_135' title='bbox 526 2061 620 2124; x_wconf 90' lang='lat' dir='ltr'>cuius</span> <span class='ocrx_word' id='word_1_136' title='bbox 643 2083 713 2125; x_wconf 87' lang='lat' dir='ltr'>sors</span> <span class='ocrx_word' id='word_1_137' title='bbox 735 2059 920 2146; x_wconf 86' lang='lat' dir='ltr'>tragoediae</span> <span class='ocrx_word' id='word_1_138' title='bbox 942 2072 1133 2144; x_wconf 90' lang='lat' dir='ltr'>argumento</span> <span class='ocrx_word' id='word_1_139' title='bbox 1152 2060 1224 2136; x_wconf 86' lang='lat' dir='ltr'>luit,</span> <span class='ocrx_word' id='word_1_140' title='bbox 1247 2059 1438 2144; x_wconf 86' lang='lat' dir='ltr'>paulopost</span> <span class='ocrx_word' id='word_1_141' title='bbox 1460 2060 1576 2143; x_wconf 86' lang='lat' dir='ltr'>satyris</span> <span class='ocrx_word' id='word_1_142' title='bbox 1598 2071 1683 2126; x_wconf 84' lang='lat' dir='ltr'>esset</span> <span class='ocrx_word' id='word_1_143' title='bbox 1700 2059 1853 2137; x_wconf 88' lang='lat' dir='ltr'>ludibrio,</span> <span class='ocrx_word' id='word_1_144' title='bbox 1874 2063 1963 2146; x_wconf 91' lang='lat' dir='ltr'>quod</span> 
     </span>
     <span class='ocr_line' id='line_1_15' title="bbox 337 2167 1962 2254; baseline 0.002 -22"><span class='ocrx_word' id='word_1_145' title='bbox 337 2169 400 2232; x_wconf 90' lang='lat' dir='ltr'>iam</span> <span class='ocrx_word' id='word_1_146' title='bbox 423 2191 480 2254; x_wconf 88' lang='lat' dir='ltr'>per</span> <span class='ocrx_word' id='word_1_147' title='bbox 502 2191 537 2233; x_wconf 86' lang='lat' dir='ltr'>ee</span> <span class='ocrx_word' id='word_1_148' title='bbox 561 2169 629 2234; x_wconf 87' lang='lat' dir='ltr'>veri</span> <span class='ocrx_word' id='word_1_149' title='bbox 651 2167 754 2233; x_wconf 87' lang='lat' dir='ltr'>simile</span> <span class='ocrx_word' id='word_1_150' title='bbox 778 2189 850 2232; x_wconf 84' lang='lat' dir='ltr'>esec</span> <span class='ocrx_word' id='word_1_151' title='bbox 873 2190 936 2232; x_wconf 90' lang='lat' dir='ltr'>non</span> <span class='ocrx_word' id='word_1_152' title='bbox 958 2180 1079 2253; x_wconf 85' lang='lat' dir='ltr'>potest,</span> <span class='ocrx_word' id='word_1_153' title='bbox 1109 2167 1300 2253; x_wconf 84' lang='lat' dir='ltr'>Lycurgum</span> <span class='ocrx_word' id='word_1_154' title='bbox 1332 2168 1365 2230; x_wconf 93' lang='lat' dir='ltr'>in</span> <span class='ocrx_word' id='word_1_155' title='bbox 1397 2167 1485 2231; x_wconf 88' lang='lat' dir='ltr'>exitu</span> <span class='ocrx_word' id='word_1_156' title='bbox 1513 2168 1624 2232; x_wconf 89' lang='lat' dir='ltr'>tertiae</span> <span class='ocrx_word' id='word_1_157' title='bbox 1654 2168 1781 2232; x_wconf 89' lang='lat' dir='ltr'>labulae</span> <span class='ocrx_word' id='word_1_158' title='bbox 1810 2170 1843 2233; x_wconf 90' lang='lat' dir='ltr'>in</span> <span class='ocrx_word' id='word_1_159' title='bbox 1866 2171 1962 2236; x_wconf 88' lang='lat' dir='ltr'>deum</span> 
     </span>
     <span class='ocr_line' id='line_1_16' title="bbox 335 2274 1963 2362; baseline 0.002 -21"><span class='ocrx_word' id='word_1_160' title='bbox 335 2299 408 2342; x_wconf 86' lang='lat' dir='ltr'>esse</span> <span class='ocrx_word' id='word_1_161' title='bbox 429 2289 587 2341; x_wconf 91' lang='lat' dir='ltr'>mutatum</span> <span class='ocrx_word' id='word_1_162' title='bbox 610 2277 802 2360; x_wconf 88' lang='lat' dir='ltr'>suspicatur.</span> <span class='ocrx_word' id='word_1_163' title='bbox 845 2275 994 2359; x_wconf 89' lang='lat' dir='ltr'>Denique</span> <span class='ocrx_word' id='word_1_164' title='bbox 1017 2297 1150 2362; x_wconf 89' lang='lat' dir='ltr'>prorsus</span> <span class='ocrx_word' id='word_1_165' title='bbox 1172 2276 1235 2340; x_wconf 88' lang='lat' dir='ltr'>alia</span> <span class='ocrx_word' id='word_1_166' title='bbox 1257 2297 1295 2340; x_wconf 86' lang='lat' dir='ltr'>ae</span> <span class='ocrx_word' id='word_1_167' title='bbox 1318 2274 1513 2339; x_wconf 86' lang='lat' dir='ltr'>Welckerus</span> <span class='ocrx_word' id='word_1_168' title='bbox 1535 2275 1575 2339; x_wconf 90' lang='lat' dir='ltr'>de</span> <span class='ocrx_word' id='word_1_169' title='bbox 1599 2275 1827 2343; x_wconf 85' lang='lat' dir='ltr'>Bassaridibus</span> <span class='ocrx_word' id='word_1_170' title='bbox 1852 2283 1963 2345; x_wconf 86' lang='lat' dir='ltr'>statuit</span> 
     </span>
     <span class='ocr_line' id='line_1_17' title="bbox 335 2383 1962 2472; baseline 0.003 -23"><span class='ocrx_word' id='word_1_171' title='bbox 335 2386 385 2450; x_wconf 87' lang='lat' dir='ltr'>vir</span> <span class='ocrx_word' id='word_1_172' title='bbox 405 2386 530 2462; x_wconf 88' lang='lat' dir='ltr'>doctus,</span> <span class='ocrx_word' id='word_1_173' title='bbox 554 2409 649 2471; x_wconf 84' lang='lat' dir='ltr'>quarn</span> <span class='ocrx_word' id='word_1_174' title='bbox 672 2383 813 2449; x_wconf 81' lang='lat' dir='ltr'>fabulam</span> <span class='ocrx_word' id='word_1_175' title='bbox 837 2405 900 2447; x_wconf 91' lang='lat' dir='ltr'>non</span> <span class='ocrx_word' id='word_1_176' title='bbox 923 2385 955 2448; x_wconf 91' lang='lat' dir='ltr'>in</span> <span class='ocrx_word' id='word_1_177' title='bbox 976 2383 1124 2470; x_wconf 83' lang='lat' dir='ltr'>Lycurgi</span> <span class='ocrx_word' id='word_1_178' title='bbox 1146 2385 1270 2448; x_wconf 86' lang='lat' dir='ltr'>insania</span> <span class='ocrx_word' id='word_1_179' title='bbox 1292 2393 1452 2448; x_wconf 86' lang='lat' dir='ltr'>versatam</span> <span class='ocrx_word' id='word_1_180' title='bbox 1475 2406 1558 2460; x_wconf 84' lang='lat' dir='ltr'>esse,</span> <span class='ocrx_word' id='word_1_181' title='bbox 1584 2385 1641 2449; x_wconf 86' lang='lat' dir='ltr'>sed</span> <span class='ocrx_word' id='word_1_182' title='bbox 1664 2385 1704 2449; x_wconf 90' lang='lat' dir='ltr'>de</span> <span class='ocrx_word' id='word_1_183' title='bbox 1722 2383 1847 2472; x_wconf 85' lang='lat' dir='ltr'>Orphei</span> <span class='ocrx_word' id='word_1_184' title='bbox 1861 2401 1962 2454; x_wconf 89' lang='lat' dir='ltr'>morte</span> 
     </span>
     <span class='ocr_line' id='line_1_18' title="bbox 337 2492 1962 2580; baseline 0.002 -22"><span class='ocrx_word' id='word_1_185' title='bbox 337 2493 438 2559; x_wconf 85' lang='lat' dir='ltr'>luisse</span> <span class='ocrx_word' id='word_1_186' title='bbox 461 2495 595 2580; x_wconf 80' lang='lat' dir='ltr'>putarit.</span> <span class='ocrx_word' id='word_1_187' title='bbox 642 2493 736 2575; x_wconf 81' lang='lat' dir='ltr'>Quae</span> <span class='ocrx_word' id='word_1_188' title='bbox 760 2505 797 2557; x_wconf 92' lang='lat' dir='ltr'>ut</span> <span class='ocrx_word' id='word_1_189' title='bbox 821 2515 898 2558; x_wconf 84' lang='lat' dir='ltr'>vera</span> <span class='ocrx_word' id='word_1_190' title='bbox 920 2494 1132 2570; x_wconf 83' lang='lat' dir='ltr'>existimaret,</span> <span class='ocrx_word' id='word_1_191' title='bbox 1164 2493 1326 2558; x_wconf 88' lang='lat' dir='ltr'>adductus</span> <span class='ocrx_word' id='word_1_192' title='bbox 1358 2503 1406 2556; x_wconf 90' lang='lat' dir='ltr'>est</span> <span class='ocrx_word' id='word_1_193' title='bbox 1428 2493 1468 2556; x_wconf 86' lang='lat' dir='ltr'>iis</span> <span class='ocrx_word' id='word_1_194' title='bbox 1489 2492 1605 2569; x_wconf 88' lang='lat' dir='ltr'>rebus,</span> <span class='ocrx_word' id='word_1_195' title='bbox 1636 2517 1718 2578; x_wconf 88' lang='lat' dir='ltr'>quae</span> <span class='ocrx_word' id='word_1_196' title='bbox 1739 2508 1910 2561; x_wconf 89' lang='lat' dir='ltr'>narrantur</span> <span class='ocrx_word' id='word_1_197' title='bbox 1929 2499 1962 2562; x_wconf 92' lang='lat' dir='ltr'>in</span> 
     </span>
     <span class='ocr_line' id='line_1_19' title="bbox 335 2599 1962 2692; baseline 0.002 -25"><span class='ocrx_word' id='word_1_198' title='bbox 335 2599 575 2668; x_wconf 85' lang='lat' dir='ltr'>Catasterismis</span> <span class='ocrx_word' id='word_1_199' title='bbox 596 2601 804 2666; x_wconf 85' lang='lat' dir='ltr'>Eratostheni</span> <span class='ocrx_word' id='word_1_200' title='bbox 826 2599 955 2666; x_wconf 87' lang='lat' dir='ltr'>tributis</span> <span class='ocrx_word' id='word_1_201' title='bbox 979 2625 1048 2688; x_wconf 85' lang='lat' dir='ltr'>cap.</span> <span class='ocrx_word' id='word_1_202' title='bbox 1068 2606 1182 2686; x_wconf 60' lang='lat'>24³⁵).</span> <span class='ocrx_word' id='word_1_203' title='bbox 1227 2601 1313 2668; x_wconf 87' lang='lat' dir='ltr'>Cum</span> <span class='ocrx_word' id='word_1_204' title='bbox 1337 2601 1387 2664; x_wconf 87' lang='lat' dir='ltr'>his</span> <span class='ocrx_word' id='word_1_205' title='bbox 1410 2601 1578 2686; x_wconf 88' lang='lat' dir='ltr'>coniungit</span> <span class='ocrx_word' id='word_1_206' title='bbox 1600 2623 1742 2678; x_wconf 83' lang='lat' dir='ltr'>versum,</span> <span class='ocrx_word' id='word_1_207' title='bbox 1765 2605 1821 2688; x_wconf 91' lang='lat' dir='ltr'>qui</span> <span class='ocrx_word' id='word_1_208' title='bbox 1842 2606 1962 2692; x_wconf 88' lang='lat' dir='ltr'>legitur</span> 
     </span>
     <span class='ocr_line' id='line_1_20' title="bbox 334 2710 805 2796; baseline -0.008 -20"><span class='ocrx_word' id='word_1_209' title='bbox 334 2711 367 2776; x_wconf 91' lang='lat' dir='ltr'>in</span> <span class='ocrx_word' id='word_1_210' title='bbox 389 2711 556 2796; x_wconf 84' lang='lat' dir='ltr'>Aristoph.</span> <span class='ocrx_word' id='word_1_211' title='bbox 579 2710 707 2775; x_wconf 87' lang='lat' dir='ltr'>Avibus</span> <span class='ocrx_word' id='word_1_212' title='bbox 728 2712 805 2775; x_wconf 80' lang='lat'><strong>277:</strong></span> 
     </span>
    </p>

    <p class='ocr_par' dir='ltr' id='par_1_5' title="bbox 332 2818 1960 3339">
     <span class='ocr_line' id='line_1_21' title="bbox 636 2818 1565 2904; baseline -0.001 -23"><span class='ocrx_word' id='word_1_213' title='bbox 636 2821 679 2887; x_wconf 84' lang='grc' dir='ltr'>τίς</span> <span class='ocrx_word' id='word_1_214' title='bbox 698 2818 765 2882; x_wconf 82' lang='grc' dir='ltr'>ποτ’</span> <span class='ocrx_word' id='word_1_215' title='bbox 789 2818 857 2882; x_wconf 78' lang='grc' dir='ltr'>ἔσθ’</span> <span class='ocrx_word' id='word_1_216' title='bbox 877 2821 893 2882; x_wconf 83' lang='grc' dir='ltr'><strong>ὁ</strong></span> <span class='ocrx_word' id='word_1_217' title='bbox 917 2819 1122 2903; x_wconf 82' lang='grc' dir='ltr'>μουσόμαντις</span> <span class='ocrx_word' id='word_1_218' title='bbox 1143 2821 1271 2904; x_wconf 81' lang='grc' dir='ltr'>(ἄτοπος</span> <span class='ocrx_word' id='word_1_219' title='bbox 1293 2821 1373 2904; x_wconf 80' lang='grc' dir='ltr'><strong>ὄρνις</strong></span> <span class='ocrx_word' id='word_1_220' title='bbox 1397 2819 1565 2902; x_wconf 77' lang='grc' dir='ltr'>ὀριβάτης),</span> 
     </span>
     <span class='ocr_line' id='line_1_22' title="bbox 333 2924 1959 3015; baseline 0.002 -22"><span class='ocrx_word' id='word_1_221' title='bbox 333 2929 427 2993; x_wconf 87' lang='lat' dir='ltr'>cuius</span> <span class='ocrx_word' id='word_1_222' title='bbox 464 2927 598 3013; x_wconf 88' lang='lat' dir='ltr'>primam</span> <span class='ocrx_word' id='word_1_223' title='bbox 630 2939 753 3014; x_wconf 87' lang='lat' dir='ltr'>partem</span> <span class='ocrx_word' id='word_1_224' title='bbox 789 2949 828 2992; x_wconf 84' lang='lat' dir='ltr'>ex</span> <span class='ocrx_word' id='word_1_225' title='bbox 864 2925 990 2991; x_wconf 86' lang='lat' dir='ltr'>Edonis</span> <span class='ocrx_word' id='word_1_226' title='bbox 1029 2940 1188 3015; x_wconf 86' lang='lat' dir='ltr'>sumptam</span> <span class='ocrx_word' id='word_1_227' title='bbox 1221 2951 1293 2994; x_wconf 86' lang='lat' dir='ltr'>esse</span> <span class='ocrx_word' id='word_1_228' title='bbox 1321 2926 1507 2993; x_wconf 81' lang='lat' dir='ltr'>scholiastes</span> <span class='ocrx_word' id='word_1_229' title='bbox 1539 2924 1684 2991; x_wconf 88' lang='lat' dir='ltr'>affirmat.</span> <span class='ocrx_word' id='word_1_230' title='bbox 1733 2925 1818 2993; x_wconf 87' lang='lat' dir='ltr'>Cum</span> <span class='ocrx_word' id='word_1_231' title='bbox 1851 2942 1959 2996; x_wconf 88' lang='lat' dir='ltr'>autem</span> 
     </span>
     <span class='ocr_line' id='line_1_23' title="bbox 334 3031 1960 3122; baseline 0.002 -22"><span class='ocrx_word' id='word_1_232' title='bbox 334 3036 448 3102; x_wconf 86' lang='lat' dir='ltr'>verbo:</span> <span class='ocrx_word' id='word_1_233' title='bbox 489 3036 694 3119; x_wconf 77' lang='grc' dir='ltr'>μουσόμαντις</span> <span class='ocrx_word' id='word_1_234' title='bbox 719 3031 889 3121; x_wconf 90' lang='lat' dir='ltr'>Orpheum</span> <span class='ocrx_word' id='word_1_235' title='bbox 911 3033 1076 3122; x_wconf 85' lang='lat' dir='ltr'>designari</span> <span class='ocrx_word' id='word_1_236' title='bbox 1098 3039 1166 3101; x_wconf 85' lang='lat' dir='ltr'>veri</span> <span class='ocrx_word' id='word_1_237' title='bbox 1191 3037 1388 3102; x_wconf 85' lang='lat' dir='ltr'>simillimum</span> <span class='ocrx_word' id='word_1_238' title='bbox 1411 3035 1468 3109; x_wconf 85' lang='lat' dir='ltr'>eit,</span> <span class='ocrx_word' id='word_1_239' title='bbox 1505 3033 1643 3098; x_wconf 91' lang='lat' dir='ltr'>eundem</span> <span class='ocrx_word' id='word_1_240' title='bbox 1668 3036 1774 3101; x_wconf 88' lang='lat' dir='ltr'>virum</span> <span class='ocrx_word' id='word_1_241' title='bbox 1801 3037 1835 3101; x_wconf 88' lang='lat' dir='ltr'>in</span> <span class='ocrx_word' id='word_1_242' title='bbox 1856 3039 1960 3122; x_wconf 87' lang='lat' dir='ltr'>prima</span> 
     </span>
     <span class='ocr_line' id='line_1_24' title="bbox 332 3142 1958 3230; baseline 0.002 -22"><span class='ocrx_word' id='word_1_243' title='bbox 332 3145 462 3230; x_wconf 86' lang='lat' dir='ltr'>trilogia</span> <span class='ocrx_word' id='word_1_244' title='bbox 481 3144 696 3218; x_wconf 86' lang='lat' dir='ltr'>nominatum,</span> <span class='ocrx_word' id='word_1_245' title='bbox 724 3144 757 3206; x_wconf 91' lang='lat' dir='ltr'>in</span> <span class='ocrx_word' id='word_1_246' title='bbox 784 3143 883 3209; x_wconf 89' lang='lat' dir='ltr'>altera</span> <span class='ocrx_word' id='word_1_247' title='bbox 904 3157 1013 3229; x_wconf 87' lang='lat' dir='ltr'>partes</span> <span class='ocrx_word' id='word_1_248' title='bbox 1039 3146 1146 3230; x_wconf 85' lang='lat' dir='ltr'>egisse</span> <span class='ocrx_word' id='word_1_249' title='bbox 1166 3147 1311 3211; x_wconf 85' lang='lat' dir='ltr'>conicere</span> <span class='ocrx_word' id='word_1_250' title='bbox 1333 3144 1426 3210; x_wconf 87' lang='lat' dir='ltr'>nobis</span> <span class='ocrx_word' id='word_1_251' title='bbox 1447 3142 1552 3206; x_wconf 86' lang='lat' dir='ltr'>licere.</span> <span class='ocrx_word' id='word_1_252' title='bbox 1593 3144 1860 3228; x_wconf 85' lang='lat' dir='ltr'>Ingeniosissima</span> <span class='ocrx_word' id='word_1_253' title='bbox 1882 3171 1958 3212; x_wconf 86' lang='lat' dir='ltr'>sanc</span> 
     </span>
     <span class='ocr_line' id='line_1_25' title="bbox 334 3253 1405 3339; baseline -0.001 -22"><span class='ocrx_word' id='word_1_254' title='bbox 334 3253 527 3328; x_wconf 88' lang='lat' dir='ltr'>coniectura,</span> <span class='ocrx_word' id='word_1_255' title='bbox 550 3273 633 3335; x_wconf 89' lang='lat' dir='ltr'>quae</span> <span class='ocrx_word' id='word_1_256' title='bbox 654 3263 771 3327; x_wconf 88' lang='lat' dir='ltr'>tamen,</span> <span class='ocrx_word' id='word_1_257' title='bbox 794 3273 868 3316; x_wconf 90' lang='lat' dir='ltr'>cum</span> <span class='ocrx_word' id='word_1_258' title='bbox 890 3253 969 3316; x_wconf 85' lang='lat' dir='ltr'>nihil</span> <span class='ocrx_word' id='word_1_259' title='bbox 993 3269 1119 3339; x_wconf 88' lang='lat' dir='ltr'>praeter</span> <span class='ocrx_word' id='word_1_260' title='bbox 1138 3277 1236 3318; x_wconf 89' lang='lat' dir='ltr'>unum</span> <span class='ocrx_word' id='word_1_261' title='bbox 1258 3277 1405 3318; x_wconf 85' lang='lat' dir='ltr'>versum:</span> 
     </span>
    </p>

    <p class='ocr_par' dir='ltr' id='par_1_6' title="bbox 266 3361 1959 4098">
     <span class='ocr_line' id='line_1_26' title="bbox 641 3361 1218 3448; baseline 0.007 -26"><span class='ocrx_word' id='word_1_262' title='bbox 641 3361 754 3443; x_wconf 80' lang='grc' dir='ltr'>κάρφει</span> <span class='ocrx_word' id='word_1_263' title='bbox 775 3363 899 3446; x_wconf 81' lang='grc' dir='ltr'>παλαίφ</span> <span class='ocrx_word' id='word_1_264' title='bbox 921 3363 1106 3447; x_wconf 78' lang='grc' dir='ltr'>κάπιβωμίῳ</span> <span class='ocrx_word' id='word_1_265' title='bbox 1129 3363 1218 3448; x_wconf 78' lang='grc' dir='ltr'>ψόλῳ</span> 
     </span>
     <span class='ocr_line' id='line_1_27' title="bbox 333 3467 1959 3554; baseline -0.001 -19"><span class='ocrx_word' id='word_1_266' title='bbox 333 3481 365 3536; x_wconf 89' lang='lat' dir='ltr'>et</span> <span class='ocrx_word' id='word_1_267' title='bbox 384 3491 486 3534; x_wconf 90' lang='lat' dir='ltr'>unum</span> <span class='ocrx_word' id='word_1_268' title='bbox 506 3468 593 3554; x_wconf 90' lang='lat' dir='ltr'>apud</span> <span class='ocrx_word' id='word_1_269' title='bbox 612 3467 814 3553; x_wconf 87' lang='lat' dir='ltr'>Hesychium</span> <span class='ocrx_word' id='word_1_270' title='bbox 836 3481 998 3534; x_wconf 87' lang='lat' dir='ltr'>servatum</span> <span class='ocrx_word' id='word_1_271' title='bbox 1019 3471 1155 3536; x_wconf 87' lang='lat' dir='ltr'>verbum</span> <span class='ocrx_word' id='word_1_272' title='bbox 1176 3469 1355 3554; x_wconf 79' lang='grc' dir='ltr'>εἰλλόμενον</span> <span class='ocrx_word' id='word_1_273' title='bbox 1376 3493 1393 3535; x_wconf 95' lang='lat' dir='ltr'>e</span> <span class='ocrx_word' id='word_1_274' title='bbox 1411 3468 1639 3534; x_wconf 82' lang='lat' dir='ltr'>Bassaridibua</span> <span class='ocrx_word' id='word_1_275' title='bbox 1660 3468 1754 3534; x_wconf 85' lang='lat' dir='ltr'>nobis</span> <span class='ocrx_word' id='word_1_276' title='bbox 1776 3470 1817 3534; x_wconf 87' lang='lat' dir='ltr'>eit</span> <span class='ocrx_word' id='word_1_277' title='bbox 1835 3483 1959 3546; x_wconf 87' lang='lat' dir='ltr'>notum,</span> 
     </span>
     <span class='ocr_line' id='line_1_28' title="bbox 266 3577 1959 3664; baseline 0.003 -24"><span class='ocrx_word' id='word_1_278' title='bbox 266 3609 273 3624; x_wconf 90' lang='lat'><strong>·</strong></span> <span class='ocrx_word' id='word_1_279' title='bbox 332 3577 428 3642; x_wconf 85' lang='lat' dir='ltr'>certis</span> <span class='ocrx_word' id='word_1_280' title='bbox 450 3579 649 3660; x_wconf 86' lang='lat' dir='ltr'>argumentis</span> <span class='ocrx_word' id='word_1_281' title='bbox 670 3578 850 3644; x_wconf 87' lang='lat' dir='ltr'>confirmari</span> <span class='ocrx_word' id='word_1_282' title='bbox 873 3600 937 3641; x_wconf 92' lang='lat' dir='ltr'>non</span> <span class='ocrx_word' id='word_1_283' title='bbox 957 3591 1072 3663; x_wconf 86' lang='lat' dir='ltr'>potest.</span> <span class='ocrx_word' id='word_1_284' title='bbox 1113 3577 1296 3644; x_wconf 83' lang='lat' dir='ltr'>Fatendum</span> <span class='ocrx_word' id='word_1_285' title='bbox 1324 3579 1424 3664; x_wconf 84' lang='lat' dir='ltr'>igitur</span> <span class='ocrx_word' id='word_1_286' title='bbox 1452 3591 1501 3642; x_wconf 89' lang='lat' dir='ltr'>est</span> <span class='ocrx_word' id='word_1_287' title='bbox 1525 3577 1669 3663; x_wconf 86' lang='lat' dir='ltr'>potuisse</span> <span class='ocrx_word' id='word_1_288' title='bbox 1700 3593 1731 3642; x_wconf 88' lang='lat' dir='ltr'>at</span> <span class='ocrx_word' id='word_1_289' title='bbox 1752 3579 1959 3644; x_wconf 81' lang='lat' dir='ltr'>Welclrerum</span> 
     </span>
     <span class='ocr_line' id='line_1_29' title="bbox 333 3685 1958 3772; baseline 0.001 -22"><span class='ocrx_word' id='word_1_290' title='bbox 333 3698 365 3750; x_wconf 90' lang='lat' dir='ltr'>ct</span> <span class='ocrx_word' id='word_1_291' title='bbox 388 3685 611 3750; x_wconf 87' lang='lat' dir='ltr'>Hermannum</span> <span class='ocrx_word' id='word_1_292' title='bbox 644 3685 702 3750; x_wconf 82' lang='lat' dir='ltr'>hac</span> <span class='ocrx_word' id='word_1_293' title='bbox 730 3687 762 3750; x_wconf 94' lang='lat' dir='ltr'>in</span> <span class='ocrx_word' id='word_1_294' title='bbox 792 3708 827 3750; x_wconf 91' lang='lat' dir='ltr'>re</span> <span class='ocrx_word' id='word_1_295' title='bbox 851 3709 963 3752; x_wconf 85' lang='lat' dir='ltr'>verum</span> <span class='ocrx_word' id='word_1_296' title='bbox 987 3685 1114 3764; x_wconf 87' lang='lat' dir='ltr'>videre,</span> <span class='ocrx_word' id='word_1_297' title='bbox 1143 3707 1216 3751; x_wconf 90' lang='lat' dir='ltr'>cum</span> <span class='ocrx_word' id='word_1_298' title='bbox 1245 3709 1305 3751; x_wconf 89' lang='lat' dir='ltr'>nec</span> <span class='ocrx_word' id='word_1_299' title='bbox 1327 3685 1518 3752; x_wconf 80' lang='lat' dir='ltr'>Welclrcrus</span> <span class='ocrx_word' id='word_1_300' title='bbox 1542 3687 1778 3771; x_wconf 89' lang='lat' dir='ltr'>Apollodorum</span> <span class='ocrx_word' id='word_1_301' title='bbox 1801 3687 1958 3772; x_wconf 87' lang='lat' dir='ltr'>Aeschyli</span> 
     </span>
     <span class='ocr_line' id='line_1_30' title="bbox 334 3793 1958 3882; baseline 0.002 -25"><span class='ocrx_word' id='word_1_302' title='bbox 334 3793 534 3879; x_wconf 84' lang='lat' dir='ltr'>tragoediam</span> <span class='ocrx_word' id='word_1_303' title='bbox 557 3805 703 3859; x_wconf 87' lang='lat' dir='ltr'>secutum</span> <span class='ocrx_word' id='word_1_304' title='bbox 726 3817 808 3870; x_wconf 86' lang='lat' dir='ltr'>esee,</span> <span class='ocrx_word' id='word_1_305' title='bbox 829 3817 889 3862; x_wconf 84' lang='lat' dir='ltr'>nec</span> <span class='ocrx_word' id='word_1_306' title='bbox 910 3795 1117 3861; x_wconf 86' lang='lat' dir='ltr'>Hermannus</span> <span class='ocrx_word' id='word_1_307' title='bbox 1139 3797 1372 3860; x_wconf 88' lang='lat' dir='ltr'>necessario</span> <span class='ocrx_word' id='word_1_308' title='bbox 1393 3795 1425 3860; x_wconf 90' lang='lat' dir='ltr'>in</span> <span class='ocrx_word' id='word_1_309' title='bbox 1448 3793 1678 3860; x_wconf 85' lang='lat' dir='ltr'>Bassaridihus</span> <span class='ocrx_word' id='word_1_310' title='bbox 1693 3793 1817 3882; x_wconf 91' lang='lat' dir='ltr'>Orphei</span> <span class='ocrx_word' id='word_1_311' title='bbox 1840 3796 1958 3860; x_wconf 83' lang='lat' dir='ltr'>dilace-</span> 
     </span>
     <span class='ocr_line' id='line_1_31' title="bbox 332 3902 1957 3990; baseline 0 -22"><span class='ocrx_word' id='word_1_312' title='bbox 332 3904 487 3968; x_wconf 86' lang='lat' dir='ltr'>rationem</span> <span class='ocrx_word' id='word_1_313' title='bbox 511 3925 582 3968; x_wconf 87' lang='lat' dir='ltr'>esse</span> <span class='ocrx_word' id='word_1_314' title='bbox 604 3917 709 3966; x_wconf 88' lang='lat' dir='ltr'>actam</span> <span class='ocrx_word' id='word_1_315' title='bbox 734 3914 845 3986; x_wconf 86' lang='lat' dir='ltr'>posset</span> <span class='ocrx_word' id='word_1_316' title='bbox 867 3903 1096 3970; x_wconf 87' lang='lat' dir='ltr'>demonstrare.</span> <span class='ocrx_word' id='word_1_317' title='bbox 1136 3903 1173 3968; x_wconf 91' lang='lat' dir='ltr'>Si</span> <span class='ocrx_word' id='word_1_318' title='bbox 1193 3916 1310 3978; x_wconf 90' lang='lat' dir='ltr'>tamen,</span> <span class='ocrx_word' id='word_1_319' title='bbox 1334 3907 1397 3968; x_wconf 87' lang='lat' dir='ltr'>utri</span> <span class='ocrx_word' id='word_1_320' title='bbox 1420 3902 1561 3990; x_wconf 87' lang='lat' dir='ltr'>opinioni</span> <span class='ocrx_word' id='word_1_321' title='bbox 1585 3903 1688 3987; x_wconf 88' lang='lat' dir='ltr'>magis</span> <span class='ocrx_word' id='word_1_322' title='bbox 1709 3904 1887 3979; x_wconf 82' lang='lat' dir='ltr'>faveamus,</span> <span class='ocrx_word' id='word_1_323' title='bbox 1908 3903 1957 3968; x_wconf 86' lang='lat' dir='ltr'>di-</span> 
     </span>
     <span class='ocr_line' id='line_1_32' title="bbox 333 4009 1703 4098; baseline -0.002 -21"><span class='ocrx_word' id='word_1_324' title='bbox 333 4012 472 4078; x_wconf 90' lang='lat' dir='ltr'>cendum</span> <span class='ocrx_word' id='word_1_325' title='bbox 493 4025 553 4090; x_wconf 87' lang='lat' dir='ltr'>est,</span> <span class='ocrx_word' id='word_1_326' title='bbox 576 4011 799 4076; x_wconf 84' lang='lat' dir='ltr'>Hermannum</span> <span class='ocrx_word' id='word_1_327' title='bbox 822 4013 957 4098; x_wconf 87' lang='lat' dir='ltr'>propius</span> <span class='ocrx_word' id='word_1_328' title='bbox 980 4012 1021 4077; x_wconf 93' lang='lat' dir='ltr'>ad</span> <span class='ocrx_word' id='word_1_329' title='bbox 1044 4034 1156 4077; x_wconf 88' lang='lat' dir='ltr'>verum</span> <span class='ocrx_word' id='word_1_330' title='bbox 1180 4013 1356 4077; x_wconf 85' lang='lat' dir='ltr'>accessisse</span> <span class='ocrx_word' id='word_1_331' title='bbox 1378 4012 1482 4076; x_wconf 90' lang='lat' dir='ltr'>videri</span> <span class='ocrx_word' id='word_1_332' title='bbox 1507 4009 1703 4098; x_wconf 87' lang='lat' dir='ltr'>profitemur.</span> 
     </span>
    </p>
   </div>
   <div class='ocr_carea' id='block_1_4' title="bbox 332 4213 1957 4738">
    <p class='ocr_par' dir='ltr' id='par_1_7' title="bbox 434 4213 895 4284">
     <span class='ocr_line' id='line_1_33' title="bbox 434 4213 895 4284; baseline -0.004 -14"><span class='ocrx_word' id='word_1_333' title='bbox 434 4219 466 4282; x_wconf 79' lang='lat'>⁸⁴)</span> <span class='ocrx_word' id='word_1_334' title='bbox 492 4215 618 4280; x_wconf 83' lang='lat' dir='ltr'>Welcler,</span> <span class='ocrx_word' id='word_1_335' title='bbox 640 4213 776 4284; x_wconf 79' lang='lat' dir='ltr'>Nachtrag</span> <span class='ocrx_word' id='word_1_336' title='bbox 795 4231 819 4284; x_wconf 90' lang='lat' dir='ltr'>p.</span> <span class='ocrx_word' id='word_1_337' title='bbox 838 4215 895 4268; x_wconf 77' lang='lat'>120.</span> 
     </span>
    </p>

    <p class='ocr_par' dir='ltr' id='par_1_8' title="bbox 332 4301 1957 4738">
     <span class='ocr_line' id='line_1_34' title="bbox 434 4301 1957 4378; baseline -0.003 -14"><span class='ocrx_word' id='word_1_338' title='bbox 434 4311 466 4378; x_wconf 76' lang='lat'>³⁵)</span> <span class='ocrx_word' id='word_1_339' title='bbox 491 4307 581 4364; x_wconf 79' lang='lat' dir='ltr'>Herm.</span> <span class='ocrx_word' id='word_1_340' title='bbox 602 4305 726 4376; x_wconf 76' lang='lat' dir='ltr'>Aeschyli</span> <span class='ocrx_word' id='word_1_341' title='bbox 747 4305 839 4377; x_wconf 69' lang='lat' dir='ltr'>fragm.</span> <span class='ocrx_word' id='word_1_342' title='bbox 859 4307 901 4362; x_wconf 79' lang='grc'>23.</span> <span class='ocrx_word' id='word_1_343' title='bbox 940 4306 967 4365; x_wconf 82' lang='grc' dir='ltr'>ὃς</span> <span class='ocrx_word' id='word_1_344' title='bbox 992 4304 1061 4372; x_wconf 76' lang='lat' dir='ltr'>(scil.</span> <span class='ocrx_word' id='word_1_345' title='bbox 1079 4301 1204 4378; x_wconf 80' lang='grc' dir='ltr'>Ὀρφεὺς)</span> <span class='ocrx_word' id='word_1_346' title='bbox 1223 4306 1267 4360; x_wconf 82' lang='grc' dir='ltr'>τὸν</span> <span class='ocrx_word' id='word_1_347' title='bbox 1286 4307 1333 4375; x_wconf 71' lang='grc' dir='ltr'>μὲν</span> <span class='ocrx_word' id='word_1_348' title='bbox 1353 4302 1477 4359; x_wconf 79' lang='grc' dir='ltr'>Διόνυσον</span> <span class='ocrx_word' id='word_1_349' title='bbox 1498 4305 1547 4358; x_wconf 73' lang='lat' dir='ltr'>aba</span> <span class='ocrx_word' id='word_1_350' title='bbox 1568 4307 1650 4376; x_wconf 74' lang='lat' dir='ltr'>tripu,</span> <span class='ocrx_word' id='word_1_351' title='bbox 1670 4305 1715 4358; x_wconf 86' lang='grc' dir='ltr'>τὸν</span> <span class='ocrx_word' id='word_1_352' title='bbox 1734 4303 1867 4359; x_wconf 72' lang='grc' dir='ltr'><strong>δὲἭλιον</strong></span> <span class='ocrx_word' id='word_1_353' title='bbox 1888 4307 1957 4377; x_wconf 71' lang='grc' dir='ltr'>μέμ·</span> 
     </span>
     <span class='ocr_line' id='line_1_35' title="bbox 334 4397 1955 4471; baseline -0.003 -16"><span class='ocrx_word' id='word_1_354' title='bbox 334 4419 394 4455; x_wconf 71' lang='grc' dir='ltr'>υτον</span> <span class='ocrx_word' id='word_1_355' title='bbox 415 4408 468 4454; x_wconf 81' lang='grc' dir='ltr'>τῶν</span> <span class='ocrx_word' id='word_1_356' title='bbox 486 4399 557 4454; x_wconf 72' lang='lat' dir='ltr'>braia</span> <span class='ocrx_word' id='word_1_357' title='bbox 578 4399 694 4470; x_wconf 79' lang='grc' dir='ltr'>ἐνόμιζτν</span> <span class='ocrx_word' id='word_1_358' title='bbox 720 4399 800 4468; x_wconf 76' lang='lat' dir='ltr'>claua,</span> <span class='ocrx_word' id='word_1_359' title='bbox 829 4399 857 4452; x_wconf 79' lang='grc' dir='ltr'>ὃν</span> <span class='ocrx_word' id='word_1_360' title='bbox 883 4397 1104 4452; x_wconf 77' lang='grc' dir='ltr'><strong>καὶἈπόλλωνα</strong></span> <span class='ocrx_word' id='word_1_361' title='bbox 1127 4399 1347 4471; x_wconf 81' lang='grc' dir='ltr'>προσηγόρτυσιν,</span> <span class='ocrx_word' id='word_1_362' title='bbox 1377 4397 1542 4468; x_wconf 59' lang='lat' dir='ltr'>inculpavit</span> <span class='ocrx_word' id='word_1_363' title='bbox 1570 4417 1597 4452; x_wconf 80' lang='grc' dir='ltr'>τι</span> <span class='ocrx_word' id='word_1_364' title='bbox 1624 4403 1669 4469; x_wconf 79' lang='grc' dir='ltr'>τῆς</span> <span class='ocrx_word' id='word_1_365' title='bbox 1696 4397 1788 4456; x_wconf 73' lang='grc' dir='ltr'>νυκτὸς</span> <span class='ocrx_word' id='word_1_366' title='bbox 1815 4399 1883 4450; x_wconf 76' lang='grc' dir='ltr'>κατὰ</span> <span class='ocrx_word' id='word_1_367' title='bbox 1908 4401 1955 4471; x_wconf 69' lang='grc' dir='ltr'>τὴν</span> 
     </span>
     <span class='ocr_line' id='line_1_36' title="bbox 333 4485 1955 4566; baseline -0.004 -18"><span class='ocrx_word' id='word_1_368' title='bbox 333 4491 445 4562; x_wconf 69' lang='lat' dir='ltr'>bullans</span> <span class='ocrx_word' id='word_1_369' title='bbox 472 4495 513 4546; x_wconf 72' lang='lat' dir='ltr'>tat</span> <span class='ocrx_word' id='word_1_370' title='bbox 530 4493 559 4546; x_wconf 81' lang='grc' dir='ltr'>τὸ</span> <span class='ocrx_word' id='word_1_371' title='bbox 581 4491 641 4566; x_wconf 76' lang='grc' dir='ltr'>ὅρος</span> <span class='ocrx_word' id='word_1_372' title='bbox 659 4493 688 4545; x_wconf 83' lang='grc' dir='ltr'>τὸ</span> <span class='ocrx_word' id='word_1_373' title='bbox 709 4491 874 4562; x_wconf 74' lang='grc' dir='ltr'>καλοΰμτνον</span> <span class='ocrx_word' id='word_1_374' title='bbox 895 4489 1025 4562; x_wconf 70' lang='grc' dir='ltr'>Πάγγαιον</span> <span class='ocrx_word' id='word_1_375' title='bbox 1044 4492 1185 4563; x_wconf 64' lang='grc' dir='ltr'>προςὶμτντ</span> <span class='ocrx_word' id='word_1_376' title='bbox 1202 4491 1248 4550; x_wconf 77' lang='grc' dir='ltr'>τὰς</span> <span class='ocrx_word' id='word_1_377' title='bbox 1268 4488 1408 4550; x_wconf 74' lang='grc' dir='ltr'>ἀνατολάς.</span> <span class='ocrx_word' id='word_1_378' title='bbox 1434 4489 1477 4542; x_wconf 79' lang='lat' dir='ltr'>lac</span> <span class='ocrx_word' id='word_1_379' title='bbox 1494 4489 1535 4563; x_wconf 75' lang='lat' dir='ltr'>[ip</span> <span class='ocrx_word' id='word_1_380' title='bbox 1555 4490 1599 4542; x_wconf 80' lang='grc' dir='ltr'>τὸν</span> <span class='ocrx_word' id='word_1_381' title='bbox 1619 4485 1712 4544; x_wconf 79' lang='grc' dir='ltr'>Ἥλιον</span> <span class='ocrx_word' id='word_1_382' title='bbox 1731 4495 1849 4563; x_wconf 77' lang='grc' dir='ltr'>πρῶτον·</span> <span class='ocrx_word' id='word_1_383' title='bbox 1881 4487 1955 4543; x_wconf 69' lang='lat' dir='ltr'>lber</span> 
     </span>
     <span class='ocr_line' id='line_1_37' title="bbox 333 4580 1955 4657; baseline -0.002 -17"><span class='ocrx_word' id='word_1_384' title='bbox 333 4585 347 4640; x_wconf 82' lang='lat' dir='ltr'>b</span> <span class='ocrx_word' id='word_1_385' title='bbox 373 4582 530 4644; x_wconf 78' lang='grc' dir='ltr'>Διόνυσος</span> <span class='ocrx_word' id='word_1_386' title='bbox 558 4581 726 4657; x_wconf 69' lang='grc' dir='ltr'>ὀργισθτὶς</span> <span class='ocrx_word' id='word_1_387' title='bbox 754 4584 842 4655; x_wconf 65' lang='lat' dir='ltr'>abrai</span> <span class='ocrx_word' id='word_1_388' title='bbox 875 4583 1000 4656; x_wconf 72' lang='grc' dir='ltr'>Ιπτμψι</span> <span class='ocrx_word' id='word_1_389' title='bbox 1032 4583 1088 4643; x_wconf 77' lang='grc' dir='ltr'>τὰς</span> <span class='ocrx_word' id='word_1_390' title='bbox 1113 4580 1340 4655; x_wconf 75' lang='grc' dir='ltr'><strong>Βασσαρίδας,</strong></span> <span class='ocrx_word' id='word_1_391' title='bbox 1367 4583 1409 4642; x_wconf 81' lang='grc' dir='ltr'>ὥς</span> <span class='ocrx_word' id='word_1_392' title='bbox 1438 4599 1537 4654; x_wconf 77' lang='grc' dir='ltr'><strong>φησιν</strong></span> <span class='ocrx_word' id='word_1_393' title='bbox 1562 4581 1732 4655; x_wconf 70' lang='grc' dir='ltr'>Αἰσχύλος</span> <span class='ocrx_word' id='word_1_394' title='bbox 1760 4581 1773 4634; x_wconf 79' lang='grc' dir='ltr'>ὁ</span> <span class='ocrx_word' id='word_1_395' title='bbox 1800 4584 1955 4654; x_wconf 70' lang='grc' dir='ltr'>ποιητής,</span> 
     </span>
     <span class='ocr_line' id='line_1_38' title="bbox 332 4675 942 4738; baseline 0 -6"><span class='ocrx_word' id='word_1_396' title='bbox 332 4679 455 4738; x_wconf 68' lang='lat' dir='ltr'>cirtae:</span> <span class='ocrx_word' id='word_1_397' title='bbox 476 4677 574 4731; x_wconf 75' lang='lat' dir='ltr'>ebria</span> <span class='ocrx_word' id='word_1_398' title='bbox 594 4677 789 4731; x_wconf 78' lang='grc' dir='ltr'>διέσπασαν.</span> <span class='ocrx_word' id='word_1_399' title='bbox 825 4695 850 4728; x_wconf 78' lang='lat' dir='ltr'>a.</span> <span class='ocrx_word' id='word_1_400' title='bbox 871 4694 894 4728; x_wconf 93' lang='grc' dir='ltr'>τ.</span> <span class='ocrx_word' id='word_1_401' title='bbox 914 4675 942 4732; x_wconf 84' lang='grc' dir='ltr'>λ.</span> 
     </span>
    </p>
   </div>
   <div class='ocr_carea' id='block_1_5' title="bbox 0 0 2326 5778">
    <p class='ocr_par' dir='ltr' id='par_1_9' title="bbox 0 0 2326 5778">
     <span class='ocr_line' id='line_1_39' title="bbox 0 0 2326 5778; baseline 0 3"><span class='ocrx_word' id='word_1_402' title='bbox 0 0 2326 5778; x_wconf 95' lang='lat' dir='ltr'> </span> 
     </span>
    </p>
   </div>
  </div>
 </body>
</html>
