4644 5778
1980 577 2004 662 7

387 817 473 870 esset
498 803 716 890 praeteritum.
768 799 975 885 Quamquam
997 801 1241 866 Heimsoethius
1257 803 1294 882 Π)
1317 800 1526 865 Aristotelem
1554 800 1628 866 ideo
1656 801 1696 864 de
1725 797 1894 885 tetralogia
1919 799 2010 863 trilo-

388 913 506 1000 giaque
528 897 633 977 tacere
656 910 834 985 contendit,
856 912 942 994 quod
965 910 1164 995 tragoediam
1187 909 1408 994 descripturus
1431 921 1527 987 esset,
1547 909 1613 973 ἐπεὶ
1636 907 1711 995 ἔσχε
1732 910 1785 993 τὴν
1809 911 1910 992 φύσιν.
1953 909 2010 988 At,

386 1043 459 1088 cum
481 1020 664 1105 Aeschylus
687 1017 860 1085 Oresteam
881 1018 1028 1094 docebat,
1051 1031 1135 1084 certe
1158 1017 1325 1102 tragoedia
1350 1015 1423 1102 ἔσχε
1445 1020 1498 1102 τὴν
1523 1015 1626 1103 quicar!
1658 1057 1698 1066 —

515 1130 632 1196 Paucis
653 1151 727 1193 vero
752 1140 797 1204 ut,
820 1150 902 1212 quae
922 1127 1068 1213 exposui,
1091 1128 1293 1214 complectar,
1315 1127 1361 1191 sic
1374 1137 1494 1191 statuo:
1515 1125 1678 1208 Quattuor
1696 1127 1814 1192 labulis
1837 1125 2009 1212 plerum·

388 1262 463 1326 que
485 1251 607 1304 certare
629 1237 820 1302 solebant
845 1235 983 1302 Athenis
1002 1250 1115 1322 poetae
1137 1259 1196 1322 per
1217 1249 1317 1300 totum
1341 1235 1380 1300 V.
1403 1237 1563 1302 saeculum
1589 1249 1662 1302 ante
1679 1233 1739 1302 Ch.
1760 1259 1808 1310 n.;
1832 1233 2009 1322 Sophocles

388 1349 509 1436 primus
529 1347 631 1413 fuisse
653 1346 796 1420 videtur,
830 1345 887 1430 qui
913 1345 998 1410 hunc
1022 1369 1140 1411 morem
1168 1345 1306 1431 quodam
1331 1345 1427 1409 modo
1447 1345 1645 1422 immutavit,
1674 1345 1719 1410 ita
1740 1344 2009 1429 utaliquando

391 1469 422 1522 et
442 1455 579 1541 singulis
602 1457 759 1521 certarent
778 1469 892 1541 poetae
913 1455 1041 1519 fabulis.
1082 1453 1200 1519 Postea
1214 1467 1320 1519 autem
1341 1453 1381 1518 ab
1395 1455 1623 1520 Alexandrinis
1643 1453 1893 1540 quadripertitae
1915 1453 2009 1519 dida-

390 1567 523 1642 scaliae,
557 1567 624 1630 sive
655 1588 757 1630 nexae
792 1565 860 1628 sive
886 1585 948 1627 non
974 1583 1075 1628 nexae
1104 1565 1234 1627 luerunt
1264 1575 1453 1648 argumento
1474 1563 1615 1638 tabulae,
1647 1563 1833 1647 tetralogiae
1856 1577 1930 1628 runt
1953 1585 2009 1651 sp·

388 1677 540 1762 pellatae3
562 1698 581 1740 a
604 1674 799 1761 quibusdam
821 1685 928 1738 autem
952 1672 1178 1756 grammaticis,
1200 1672 1256 1755 qui
1279 1673 1516 1758 tragoediarum
1543 1673 1638 1738 modo
1661 1670 1820 1737 habebant
1841 1673 2007 1749 rationem,

388 1785 491 1850 tribus
513 1783 706 1850 didascalice
728 1782 903 1869 tragoediis
923 1780 1069 1868 trilogiae
1091 1803 1205 1846 nomen
1224 1793 1277 1848 est
1296 1780 1444 1846 inditum.

517 1893 609 1976 Quae
632 1893 658 1958 si
682 1893 934 1969 consideramus,
960 1891 1039 1956 nihil
1061 1891 1101 1954 de
1130 1905 1274 1978 ternpore
1296 1905 1457 1968 constare,
1485 1913 1525 1955 ex
1555 1913 1620 1975 quo
1646 1903 1798 1976 quattuor
1820 1891 1946 1957 labulae
1968 1893 2008 1959 ab

390 2003 504 2069 eodem
529 2015 622 2089 poeta
644 2002 697 2087 agi
724 2001 788 2065 sint
811 2014 954 2087 coeptae,
976 2014 1117 2086 apparet.
1159 1997 1233 2080 Quo
1255 2003 1375 2065 lactum
1398 2017 1457 2076 est,
1488 2017 1524 2066 ut
1543 2001 1604 2064 viri
1628 1999 1715 2064 docti
1738 2002 1930 2067 coniecturis
1951 2004 2009 2068 ali-

388 2113 468 2197 quid
498 2112 575 2176 certi
607 2111 732 2175 elficere
761 2111 937 2175 studerent.
991 2109 1046 2174 Ad
1072 2132 1139 2173 rem
1172 2111 1290 2194 ipsam,
1322 2131 1417 2194 quam
1446 2109 1539 2174 nobis
1570 2109 1814 2194 proposuimus,
1846 2133 1920 2176 cum
1950 2112 2010 2176 hac

388 2221 577 2306 quaestione
597 2220 769 2284 diiudicata
787 2242 890 2307 pauca
912 2218 1008 2284 modo
1030 2219 1175 2282 conferre
1198 2217 1369 2304 possimus,
1389 2220 1466 2285 satis
1482 2221 1552 2294 erit,
1574 2218 1714 2283 breviter
1730 2241 2009 2298 commemorasse,

388 2352 471 2414 quas
495 2330 556 2394 viri
585 2330 668 2394 docti
696 2329 736 2393 de
764 2331 822 2394 bac
848 2351 883 2392 re
910 2343 984 2393 suut
1014 2328 1178 2414 suspicati.
1221 2329 1272 2392 Ac
1299 2329 1435 2412 primum
1465 2326 1595 2412 quidem
1621 2325 1815 2394 Welckerus
1840 2330 1903 2394 iam
1927 2331 2009 2394 anti-

389 2439 577 2524 quissimam
597 2437 795 2524 tragoediam
811 2438 902 2522 quasi
918 2439 1107 2524 tripertitam
1123 2438 1223 2502 fuisse
1245 2450 1346 2523 putat,
1368 2460 1441 2502 cum
1461 2453 1509 2501 ter
1528 2438 1638 2501 histrio
1653 2439 1685 2501 in
1700 2459 1848 2503 scaenam
1866 2439 2008 2525 prodiret

390 2548 498 2633 ibique
517 2559 582 2612 tres
606 2547 735 2612 fabulae
756 2560 865 2633 partes
890 2561 1060 2613 enarraret.
1105 2547 1233 2612 Deinde
1262 2547 1364 2630 magis
1392 2547 1559 2632 magisque
1587 2569 1846 2632 unamquamque
1867 2547 2010 2614 fabulam

389 2657 430 2721 ab
444 2657 515 2722 aliis
534 2679 606 2722 esse
621 2657 796 2722 seiunctam
815 2668 847 2720 et
866 2657 933 2720 suis
953 2655 1072 2720 finibus
1084 2655 1370 2740 circumscriptam.
1408 2653 1554 2720 Eandem
1568 2657 1755 2722 sententiam
1769 2658 2008 2723 Heimsoethius

388 2765 420 2828 in
444 2765 728 2840 commentatione,
756 2764 849 2830 cuius
875 2763 970 2828 modo
993 2765 1053 2830 feci
1072 2765 1279 2840 mentionem,
1310 2763 1444 2829 uberius
1469 2764 1623 2829 defendit.
1668 2765 1921 2850 Droysenius¹³)
1945 2769 2007 2831 iam
2102 2834 2111 2858 ι

388 2873 610 2960 Phrynichum
631 2875 791 2958 trilogiam
806 2875 969 2958 quandam
992 2875 1024 2937 in
1037 2896 1184 2939 scaenam
1200 2873 1398 2938 commisisse
1421 2873 1642 2939 demonstrare
1655 2896 1750 2961 posse
1764 2875 1825 2940 sibi
1841 2877 1931 2941 visus
1948 2889 2007 2942 est.

517 2981 636 3048 Contra
656 2984 963 3062 Rademacherus¹⁴)
985 2983 1180 3066 Aeschylum
1204 2982 1350 3068 trilogiae
1373 2984 1572 3048 inventorem
1595 3005 1666 3048 esse
1689 2983 1800 3048 voluit.
1833 2985 2007 3052 Persarum

391 3093 474 3156 enim
495 3091 586 3158 bellis
609 3093 689 3156 bene
718 3092 871 3156 conlectis
894 3091 1109 3156 Athenienses
1138 3104 1175 3154 nt
1207 3093 1344 3157 maiores
1374 3093 1513 3157 iacerent
1542 3106 1692 3178 sumptus
1720 3094 1751 3156 in
1775 3093 1881 3173 ludos,
1907 3096 2007 3160 lestos

390 3200 460 3267 dies
481 3203 513 3266 in
537 3217 601 3268 tres
622 3203 762 3278 auxisse,
782 3201 828 3265 ita
852 3201 972 3265 lactum
995 3221 1076 3276 esse,
1098 3212 1136 3263 ut
1148 3213 1213 3264 tres
1228 3199 1410 3286 tragoediae
1433 3201 1472 3266 ab
1484 3223 1680 3286 unoquoque
1698 3215 1792 3289 poeta
1807 3204 2007 3268 docerentur.

389 3309 529 3375 Primam
557 3334 634 3376 vero
659 3311 803 3376 omnium
835 3309 1007 3374 Persarum
1031 3308 1190 3394 trilogiam
1219 3308 1258 3373 ab
1283 3307 1446 3392 Aeschylo
1468 3310 1538 3396 ipso
1561 3333 1644 3376 anno
1664 3314 1727 3376 472
1748 3335 1775 3376 a.
1800 3309 1860 3376 Cb.
1882 3335 1913 3376 n.
1936 3335 2007 3377 esse

389 3433 501 3484 actam.
538 3421 614 3502 Quo
632 3421 702 3486 iure
720 3419 983 3484 Rademacherus
1007 3418 1041 3483 id
1063 3419 1123 3483 sibi
1147 3418 1330 3504 sumpserit,
1352 3433 1442 3482 utet
1466 3419 1614 3506 trilogiae
1637 3435 1802 3486 auctorem
1823 3435 1854 3484 et
1876 3443 2006 3496 annum,

388 3551 453 3614 quo
476 3529 575 3615 prima
597 3549 668 3594 acta
688 3541 782 3604 esset,
808 3528 1016 3592 constitueret
1042 3549 1102 3592 suo
1123 3528 1263 3605 arbitrio,
1283 3552 1347 3593 non
1369 3528 1530 3614 intellego.
1578 3528 1702 3596 Vereor
1723 3532 1831 3606 etiam,
1855 3553 1896 3594 ne
1920 3529 2007 3596 idern

390 3661 499 3704 secum
531 3639 601 3724 ipse
622 3651 764 3724 pugnet:
792 3639 909 3702 etenim
932 3659 1126 3723 quamquam
1150 3637 1351 3723 tetralogiam
1374 3660 1443 3702 eam
1465 3661 1535 3703 esse
1556 3639 1635 3716 vult,
1657 3657 1692 3702 ut
1713 3653 1864 3725 quattuor
1882 3639 2007 3705 fabulas

390 3743 474 3812 inter
490 3770 524 3811 se
549 3747 753 3812 cohaerentes
777 3747 947 3834 significet,
970 3747 1104 3834 primam
1124 3747 1323 3832 tetralogiam
1345 3746 1515 3823 Phineum,
1537 3746 1697 3826 Persas,
1719 3747 1889 3827 Glaucum,
1911 3750 2007 3814 Pro-

388 3855 584 3920 metheum
607 3856 785 3942 amplexam
809 3879 880 3922 esse
902 3853 1055 3920 affirmati
1099 3857 1138 3920 ln
1161 3877 1196 3922 re
1215 3857 1389 3922 admodum
1411 3855 1519 3930 dubia,
1539 3853 1580 3920 de
1600 3879 1664 3941 qua
1677 3879 1810 3944 prorsus
1831 3859 1908 3922 nihil
1929 3880 2006 3926 con-

389 3975 461 4038 stat,
482 3965 681 4030 coniecturas
705 3964 853 4049 equidem
875 3971 1014 4050 prolerre
1036 3987 1098 4030 non
1118 3967 1230 4031 ausim.

516 4071 583 4137 Sed
604 4073 683 4139 haec
706 4074 876 4151 hactenus3
913 4075 948 4139 id
970 4074 1066 4140 modo
1094 4096 1166 4150 eos,
1196 4077 1250 4160 qui
1278 4076 1360 4140 lorte
1379 4077 1410 4138 in
1434 4075 1517 4140 hanc
1541 4074 1710 4139 inciderint
1739 4075 2006 4156 dissertationem,

389 4180 567 4247 admonitos
589 4183 695 4260 velim,
717 4185 750 4248 in
771 4183 904 4268 reliquis
928 4183 1062 4250 huiusce
1084 4185 1422 4250 commentatiunculae
1441 4181 1587 4268 partibus
1608 4183 1755 4271 trilogiae
1779 4185 1876 4250 verbo
1896 4186 2007 4250 mesic

390 4309 518 4375 semper
542 4289 601 4367 uti,
622 4307 658 4357 ut
680 4317 718 4360 ea
741 4307 805 4359 tres
826 4293 1010 4379 tragoedias
1031 4315 1092 4356 uua
1113 4294 1290 4360 didascalia
1312 4307 1396 4359 actas
1419 4292 1593 4380 significari
1615 4291 1721 4358 velim.

493 4539 525 4605 ¹¹)
550 4541 747 4599 Heimsocthius
767 4545 794 4600 in
816 4543 895 4598 indie
915 4543 997 4599 schol.
1018 4542 1149 4600 Βοιιιιιιιιι.
1172 4545 1251 4600 1869:
1283 4543 1317 4600 de
1335 4543 1488 4616 tragoediae
1507 4543 1627 4600 Graecae
1645 4543 1758 4615 trilogiis
1778 4543 1972 4600 commentatio.

493 4633 524 4699 ¹³)
549 4635 685 4706 Droyscn:
713 4636 890 4707 Phrynichus,
908 4637 1056 4708 Aeschylus
1073 4637 1128 4694 und
1146 4638 1189 4694 dic
1208 4637 1331 4708 'l'rilogie

492 4729 524 4794 ¹⁴)
550 4727 743 4786 Rademacher:
773 4728 949 4798 Quaestionea
966 4729 999 4786 de
1018 4731 1123 4803 trilogia
1140 4732 1241 4802 tragica
1260 4729 1371 4786 Dissert
1392 4731 1479 4800 inaug.
1499 4729 1646 4800 Reginam
1666 4730 1740 4786 1866.
