4644 5778
779 1387 984 1500 :tortus
1022 1387 1104 1500 llll
1148 1386 1440 1502 TRILOGIA
1475 1387 1858 1502 lucturum.

1198 1831 1229 1896 I.

761 2042 817 2092 nn,
847 2038 1041 2102 quemquam
1068 2015 1160 2080 multi
1186 2015 1332 2082 homines
1355 2015 1441 2081 docti
1464 2017 1552 2104 iique
1574 2017 1707 2104 egregio
1730 2015 1866 2102 praediti
1887 2017 2019 2103 ingenio

755 2139 886 2188 ⁴nerunt
910 2139 941 2189 et
961 2147 1076 2211 operae
1097 2137 1129 2189 et
1147 2125 1309 2211 temporis,
1332 2126 1377 2190 ita
1397 2137 1502 2190 tamen
1523 2138 1572 2190 est
1585 2125 1863 2210 comparatum,'ut
1879 2126 2022 2210 permul-

753 2237 850 2310 iones,
876 2257 956 2319 quas
974 2233 1015 2299 ad
1036 2233 1216 2299 dilucidum
1237 2234 1370 2319 perduci
1393 2256 1489 2319 posse
1508 2235 1562 2299 vix
1578 2235 1672 2299 liceat
1689 2234 1820 2320 sperari.
1860 2232 2021 2322 Perraepe

752 2371 778 2406 ιιι
803 2344 993 2419 testimonia,
1021 2343 1140 2428 quibus
1169 2364 1381 2427 unaquaeque
1406 2341 1580 2428 disputatio
1602 2343 1715 2406 nititur
1737 2342 1956 2420 fundamento,
1980 2343 2021 2409 ed

755 2454 912 2516 iciendum
940 2451 1069 2516 minime
1097 2451 1267 2515 sufficiant.
1317 2451 1429 2535 ltaque
1458 2473 1539 2537 quae
1567 2451 1659 2516 nobis
1688 2451 1799 2536 ignota
1826 2464 1914 2530 sunt,
1943 2475 2021 2518 con-

742 2563 927 2638 ..dobimue3
958 2573 990 2624 et
1013 2560 1083 2624 iure
1105 2560 1204 2636 illud,
1232 2559 1328 2626 modo
1351 2584 1391 2626 ne
1415 2561 1513 2626 nimia
1538 2562 1689 2626 commoti
1710 2560 1831 2626 fiducia
1852 2561 2020 2646 opiniones

740 2701 756 2732 n
781 2671 942 2755 quandem
965 2671 1032 2734 veri
1056 2693 1132 2755 prae
1156 2693 1190 2734 se
1213 2670 1331 2745 ferunt,
1360 2683 1397 2734 ut
1416 2672 1509 2736 unice
1531 2693 1625 2737 veras
1649 2684 1806 2734 tueamur.
1850 2671 1889 2736 In
1911 2693 2021 2736 earum

748 2803 895 2858 minnere,
924 2802 1006 2864 quae
1028 2779 1135 2844 adhuc
1158 2777 1413 2844 dubitationibus
1435 2792 1510 2844 sunt
1532 2780 1705 2854 ohnoxiae,
1731 2802 1769 2844 ea
1790 2799 1918 2864 quoque
1941 2779 2020 2844 mihi

731 2913 811 2961 ..nae
834 2907 883 2954 est
906 2888 947 2954 de
970 2887 1099 2971 trilogia
1120 2887 1253 2971 tragica.
1298 2885 1462 2969 Quattuor
1483 2887 1619 2964 fabulas,
1643 2909 1778 2974 quarum
1800 2899 1865 2953 tres
1887 2910 2015 2976 tragoe-

745 3001 842 3082 yrica,
864 3010 976 3085 poetas
995 2998 1136 3082 tragicos
1153 2995 1290 3062 Athenis
1309 2995 1425 3062 docere
1443 2997 1553 3062 solitos
1573 3020 1644 3062 esse
1659 2997 1730 3080 quis
1751 3009 1801 3062 est
1822 2998 1900 3082 quin
1918 2998 2020 3064 sciat?

740 3113 763 3170 ir
782 3107 989 3183 clarissimus,
1012 3105 1195 3191 tragoediae
1218 3104 1288 3171 illas
1311 3127 1376 3171 non
1397 3106 1493 3171 modo
1515 3129 1579 3172 una
1599 3105 1776 3171 didascalia
1796 3128 1879 3190 quae
1902 3107 2021 3173 dieitur

737 3242 769 3278 ..r
790 3240 823 3280 se
844 3215 1026 3302 argumenti
1045 3215 1184 3300 quadam
1203 3216 1414 3302 perpetuitate
1433 3215 1616 3282 cohaesisse
1632 3215 1854 3302 imprimisque
1870 3217 2019 3303 Aeschy-

732 3327 791 3396 ssisis
820 3325 916 3390 nnius
943 3324 1125 3409 argumenti
1149 3325 1182 3388 in
1205 3346 1352 3390 scaenam
1374 3324 1573 3390 commisisse
1595 3323 1775 3390 affirmavit.
1821 3327 1898 3408 Qua
1921 3326 1961 3392 de
1984 3348 2019 3392 re

744 3465 764 3501 ·.
792 3457 888 3518 quem
917 3434 1044 3520 scripsit
1071 3431 1112 3498 de
1136 3432 1291 3517 Aeschyli
1313 3432 1513 3498 Prometheo.
1524 3437 1547 3514 ¹)
1590 3431 1795 3519 Quemquam
1820 3432 1906 3500 God.
1930 3435 2017 3500 Her-

731 3545 752 3604 ·i
777 3543 862 3607 docti
885 3545 913 3606 ei
937 3566 1002 3608 non
1024 3557 1100 3608 sunt
1121 3541 1255 3618 assensi,
1275 3540 1370 3606 hodie
1391 3553 1495 3606 tamen
1517 3543 1667 3627 permulti
1682 3543 1892 3609 Welckerum
1914 3543 2016 3610 secuti

750 3673 807 3715 cta
830 3652 945 3717 habere
968 3641 1085 3728 solent{
1115 3649 1367 3735 ut'Freytagius
1386 3649 1420 3714 in
1442 3649 1534 3724 libre,
1557 3673 1655 3734 quem
1676 3651 1857 3737 composuit
1877 3653 1918 3718 de
1939 3653 2016 3718 artis

739 3811 743 3822 .
772 3763 816 3824 sic
842 3760 1001 3847 disputat:
1038 3759 1127 3836 „Die
1154 3758 1221 3824 drei
1251 3773 1357 3823 ersten
1386 3757 1528 3824 Dramen
1555 3757 1701 3823 verband
1727 3761 1760 3824 in
1782 3761 1928 3828 frhherer
1946 3763 2016 3828 Zeit

748 3871 847 3944 „rtrnde
867 3869 1057 3955 Handlung‚
1078 3869 1200 3934 welche
1223 3866 1409 3931 demeelben
1425 3865 1621 3952 Sagenlrreis
1642 3881 1844 3934 entnommen
1859 3892 1938 3948 wer3
1969 3872 2015 3935 sie

749 3980 864 4042 naliter
886 3978 1063 4044 holosealer
1084 3977 1201 4043 Alaea
1214 3978 1240 4058 ²)
1284 3973 1383 4057 Quod
1406 3995 1543 4059 quonam
1566 3975 1637 4039 iure
1656 3977 1697 4042 sit
1719 3978 1841 4042 dictum
1867 3993 1901 4043 ut
1922 3979 2014 4043 intel-

754 4089 814 4151 ·ius
839 4089 899 4154 hoc
920 4087 993 4153 loco
1018 4087 1218 4172 inquiramus
1245 4086 1278 4150 in
1304 4085 1460 4150 rationem
1488 4083 1688 4169 trilogicam,
1720 4109 1816 4172 quarn
1838 4088 1870 4152 in
1896 4087 2014 4154 fabulis

753 4222 776 4258 ὲε
801 4197 841 4260 sit
860 4196 1055 4282 Aeschylus.

754 4305 879 4370 ‘ationis
901 4305 980 4369 ratio
1003 4305 1125 4392 duplex
1147 4327 1218 4372 esse
1240 4317 1363 4392 potest:
1397 4316 1468 4380 ant,
1492 4304 1586 4368 sicuti
1610 4301 1803 4369 Welckerus
1828 4303 1919 4380 lecit,
1946 4303 2015 4391 pri-

754 4438 807 4489 ns,
832 4436 915 4498 quae
934 4425 1070 4491 exstant,
1094 4413 1398 4499 deperditarumque
1418 4413 1597 4496 fragmenta
1616 4411 1833 4497 contemplati,
1855 4435 2012 4498 quaenam

768 4630 948 4701 tos-chylieche
958 4629 1075 4701 Trilogie
1088 4630 1260 4687 Prometheus
1271 4629 1349 4686 nebat
1361 4627 1472 4684 winken
1485 4629 1551 4684 iiber
1565 4629 1609 4686 die
1623 4628 1748 4700 Trilogie.
1769 4629 1925 4686 Dermstadt
1938 4631 2013 4688 1824.

773 4724 890 4778 'l'rchnik
911 4723 958 4780 des
976 4723 1098 4780 Dromas.
1133 4725 1157 4779 4.
1177 4724 1245 4780 Anfl.
1279 4722 1395 4794 Leipzig.
1430 4723 1504 4778 1881.
1540 4739 1565 4794 p.
1585 4723 1642 4778 126.

1789 4826 1804 4880 1
