4644 5778
307 597 333 674 4

308 815 571 902 eingeschlossen
594 817 654 895 ist,
683 817 716 880 in
740 816 860 881 seinem
880 815 1091 902 eigentlichen
1114 814 1372 881 konstlerischen
1392 813 1491 892 Sinn;
1524 815 1594 880 drei
1612 813 1800 900 Tragodien
1822 837 1929 882 waren

307 927 375 992 ihm
397 925 493 991 keine
514 927 666 1010 rptloyr‘c,
689 925 757 990 und
782 925 881 990 daher
902 924 986 990 auch
1006 923 1094 990 nieht
1113 924 1170 988 mit
1195 924 1298 988 eincm
1320 921 1500 1010 Satyrspiel
1521 923 1711 990 verbunden
1734 925 1806 990 eine
1828 949 1929 1011 τετρα-

310 1035 429 1118 λογία.“
443 1038 469 1120 ⁸)
503 1033 629 1099 Vereor
645 1057 686 1099 ne
704 1034 913 1110 Welokerus,
932 1045 969 1098 ut
994 1033 1091 1108 illam,
1110 1055 1205 1118 quam
1230 1031 1271 1096 de
1292 1033 1437 1119 trilogiae
1461 1043 1576 1098 natura
1597 1055 1635 1098 ac
1656 1033 1689 1098 vi
1713 1033 1775 1100 sibi
1794 1033 1930 1100 finxerat

309 1144 510 1232 opinionem,
538 1144 599 1208 hoc
626 1165 756 1230 quoque
783 1143 853 1207 loco
883 1141 1053 1216 stabiliret,
1080 1142 1201 1207 Suidae
1225 1141 1324 1208 verba
1349 1142 1441 1206 aliter
1465 1141 1507 1206 sit
1533 1141 1762 1228 interpretatus
1787 1165 1825 1208 ac
1849 1145 1929 1210 ratio

310 1253 519 1336 grammatica
541 1254 670 1340 patitur.
704 1251 791 1316 Num
813 1267 937 1338 poetae,
961 1251 1079 1336 siquis
1100 1265 1253 1336 quattuor
1272 1251 1370 1316 dabat
1390 1251 1527 1328 fabulas,
1549 1273 1632 1336 quae
1652 1263 1844 1336 argumento
1860 1255 1931 1338 qui-

311 1362 386 1428 dem
408 1385 472 1428 non
498 1377 588 1427 erant
608 1363 748 1438 iunctae,
772 1363 873 1447 δρᾶμα
895 1364 971 1446 πρὸς
994 1362 1096 1446 δρᾶμα
1119 1361 1345 1426 certaverunt?
1378 1362 1482 1426 Immo
1504 1371 1536 1424 et
1557 1359 1619 1424 hoc
1641 1359 1748 1438 modo,
1764 1383 1836 1426 cum
1850 1385 1930 1447 qus-

313 1485 422 1538 ternae
452 1472 616 1556 quaternis
647 1485 755 1536 essent
781 1471 962 1557 oppositae,
991 1481 1143 1554 quattuor
1169 1483 1371 1534 certaverunt
1393 1470 1522 1536 fabulis.
1563 1469 1673 1534 Verba
1694 1485 1802 1535 antem
1828 1474 1931 1558 δρᾶμα

314 1583 391 1664 πρὸς
414 1583 516 1664 δρᾶμα
544 1581 626 1644 verti
650 1601 713 1644 nou
737 1591 874 1664 possunt
906 1579 987 1644 nisi:
1019 1577 1127 1644 fabula
1153 1577 1341 1645 adversus
1369 1579 1522 1644 fabulam.
1565 1580 1658 1662 Quae
1679 1579 1875 1646 Welclrerus
1897 1582 1930 1646 in

309 1690 360 1754 his
389 1688 497 1754 verbis
526 1691 634 1754 inesse
658 1688 769 1764 voluit,
794 1711 832 1753 ea
854 1687 901 1753 sic
923 1687 1061 1753 dicenda
1082 1689 1230 1752 luerunt:
1268 1689 1370 1773 δρᾶμα
1392 1689 1455 1752 ἐπὶ
1476 1691 1617 1774 δράματι.
1659 1687 1758 1772 Quod
1783 1689 1809 1754 si
1833 1691 1932 1756 verba

309 1801 381 1886 ipsa
404 1815 596 1884 spectamus,
622 1797 778 1864 Boeckhii
798 1798 1092 1884 interpretationem
1113 1798 1208 1862 unice
1232 1820 1340 1862 veram
1363 1819 1435 1862 esse
1460 1797 1685 1863 concedemus.

439 1909 485 1972 At
504 1919 535 1972 et
557 1930 597 1972 ex
620 1907 659 1972 iis
680 1908 881 1984 testimoniis,
903 1930 988 1992 quae
1011 1929 1110 1993 supra
1132 1907 1464 1982 commemoravimus,
1486 1921 1517 1972 et
1535 1929 1575 1972 ex
1592 1907 1674 1984 aliis,
1699 1931 1781 1993 quac
1797 1906 1930 1974 Schocl·

310 2018 375 2082 lius
398 2015 561 2101 congessit
572 2018 615 2097 ⁹),
647 2016 800 2094 efficitur,
830 2029 866 2082 ut
888 2029 1039 2105 appareat
1061 2039 1183 2081 morem
1211 2029 1363 2102 quattuor
1387 2015 1530 2080 certandi
1558 2015 1678 2081 tabulis
1707 2017 1803 2082 ctiam
1830 2019 1931 2084 multo

309 2139 385 2213 post
405 2122 612 2211 Olympiadis
634 2127 673 2190 77
704 2147 823 2190 annum
843 2129 863 2190 4
886 2126 1048 2212 viguisse,
1078 2147 1141 2212 quo
1169 2147 1253 2190 anno
1278 2125 1414 2210 primam
1439 2121 1617 2210 Sophocles
1639 2125 1750 2191 docuit
1771 2125 1930 2205 fabulam3

311 2234 429 2302 deinde
450 2247 497 2298 tot
519 2233 756 2318 tragoediarum
781 2232 952 2321 Sophoclis
973 2236 1057 2301 tituli
1080 2234 1173 2300 uobis
1198 2247 1271 2298 sunt
1290 2235 1424 2310 servati,
1452 2247 1488 2298 ut
1509 2255 1549 2298 ex
1571 2234 1642 2320 ipso
1665 2257 1798 2299 nurnero
1821 2237 1931 2301 existi·

311 2367 399 2410 mare
421 2343 583 2428 possimus
606 2365 759 2430 persaepe
781 2357 933 2428 quattuor
954 2345 1080 2412 labulss
1103 2345 1144 2412 ab
1166 2367 1204 2409 eo
1227 2367 1291 2408 une
1313 2342 1491 2408 didascalia
1512 2365 1583 2408 esse
1604 2344 1706 2408 datas.
1756 2345 1869 2430 ltaque
1890 2383 1930 2394 -·

312 2454 339 2518 si
362 2475 440 2518 vera
463 2465 548 2528 sunt,
569 2475 652 2538 quae
676 2451 796 2518 Suidas
818 2454 916 2518 refert
940 2491 978 2502 -
995 2477 1058 2519 non
1080 2455 1221 2520 abolevit
1244 2453 1422 2539 Sophocles
1444 2453 1533 2517 illum
1557 2452 1701 2518 certandi
1721 2475 1852 2530 morem,
1874 2455 1932 2519 scd

312 2563 357 2628 ita
378 2562 574 2638 immutavit,
604 2561 832 2646 utaliquando
856 2586 953 2628 unam
977 2563 1074 2628 modo
1100 2562 1299 2647 tragoediam
1322 2561 1354 2626 iu
1378 2583 1527 2627 scaenam
1550 2561 1776 2640 committeret,
1807 2565 1931 2628 etiamsi

311 2672 500 2758 plerumque
522 2683 674 2756 quattuor
696 2671 813 2736 docere
836 2671 968 2736 solebat.
1012 2671 1106 2754 Quae
1131 2671 1239 2758 opinio
1269 2672 1417 2756 quamvis
1444 2671 1512 2735 veri
1540 2669 1653 2734 similis
1680 2691 1751 2736 esse
1774 2671 1931 2750 videatur,

312 2779 512 2846 dubitatione
532 2791 636 2844 tamen
660 2802 724 2844 non
747 2792 843 2846 caret.
886 2779 931 2846 Ac
952 2783 1093 2868 primum
1116 2781 1248 2868 quidem
1268 2777 1411 2844 obiciunt
1432 2801 1495 2844 uon
1517 2780 1648 2844 licuisse
1671 2780 1801 2846 cuilibet
1822 2793 1932 2867 poetae

313 2889 502 2954 sollemnem
525 2890 668 2954 certandi
691 2913 811 2956 morem
834 2893 917 2956 ultro
937 2892 1122 2968 immutare,
1152 2913 1291 2975 cumque
1313 2913 1435 2974 agones
1458 2889 1572 2974 tragici
1594 2903 1701 2954 essent
1721 2889 1791 2954 ludi
1812 2889 1933 2975 publici

314 3021 389 3064 cum
421 2998 518 3063 sacris
548 2997 727 3076 coniuncti,
759 2999 886 3086 publice
914 3001 1060 3068 ordinem
1087 3000 1283 3084 modumque
1307 3021 1419 3065 eorum
1442 3021 1513 3064 csse
1535 2999 1784 3085 praescriptum
1814 2999 1932 3065 deinde

313 3108 340 3172 si
359 3129 424 3172 non
440 3123 618 3193 poetarum,
640 3123 774 3174 atcerte
793 3109 982 3175 histrionum
1004 3123 1035 3177 et
1054 3110 1225 3176 chororum
1246 3108 1468 3173 condicionem
1485 3110 1630 3174 certandi
1646 3110 1801 3195 imparem
1819 3108 1931 3184 fuisse,

313 3217 341 3280 si
365 3215 457 3281 alteri
480 3215 636 3300 singulis,
665 3215 756 3281 alteri
782 3221 946 3303 quaternis
976 3219 1094 3286 fabulis
1120 3229 1312 3293 certassent3
1339 3217 1480 3302 denique
1504 3239 1578 3282 cum
1602 3239 1719 3282 munus
1742 3217 1932 3282 instituendi

312 3324 427 3389 choros
451 3323 655 3390 divitioribus
679 3325 804 3390 civibus
826 3341 911 3392 esset
931 3329 1129 3414 impositum,
1151 3327 1212 3392 hoc
1234 3349 1316 3392 onus
1338 3326 1488 3391 omnibus
1508 3325 1595 3390 idem
1619 3339 1650 3390 et
1673 3349 1731 3412 par
1752 3325 1852 3390 luisse
1874 3349 1931 3392 ne-

313 3455 404 3500 cesse
431 3455 520 3511 esse,
549 3432 633 3518 quod
661 3431 730 3498 fieri
750 3457 813 3500 non
837 3438 1009 3524 potuisset,
1041 3437 1123 3502 sihi
1147 3437 1308 3522 singulas,
1337 3434 1382 3499 illi
1405 3445 1575 3520 quaternas
1595 3434 1772 3499 edidissent
1795 3435 1932 3500 fabulas.

312 3612 513 3622 *—

417 3725 436 3788 ⁸)
462 3722 646 3794 Adstipulatus
664 3729 704 3778 est
723 3723 887 3795 Droysenius
909 3726 936 3780 in
956 3726 1053 3792 libello,
1075 3745 1154 3800 quem
1173 3727 1321 3798 inscripsit:
1348 3725 1523 3796 Phrynichus,
1544 3723 1692 3794 Aeschylus
1712 3723 1766 3779 und
1783 3723 1826 3780 dic
1847 3725 1932 3782 Trile-

313 3815 363 3886 gie.
403 3815 462 3870 Kicl
483 3817 557 3870 1841.
577 3845 606 3854 —-
628 3815 771 3886 Superiora
792 3833 862 3873 anno
883 3819 1011 3876 Welckeri
1030 3822 1179 3877 sententiae
1204 3837 1287 3876 novus
1310 3819 1412 3874 exstitit
1431 3825 1559 3889 patronus
1576 3818 1677 3873 Gustar
1697 3816 1806 3884 Kassai,
1833 3818 1880 3888 qui
1904 3818 1931 3872 in

309 3908 404 3964 'variis
417 3907 625 3979 quaestionibus'
649 3907 814 3979 (Programm
833 3911 880 3966 des
896 3913 1078 3970 hatholischco
1093 3913 1348 3985 Obergymnasiums
1366 3930 1399 3966 zu
1416 3911 1640 3982 Budapcst1882)
1659 3909 1725 3964 haec
1744 3909 1864 3980 scripsit:
1886 3911 1931 3976 ,ln

313 4019 366 4073 quo
388 4000 498 4072 quidem
519 4001 661 4057 tenendum
681 4009 723 4058 est
739 4019 839 4058 morem
859 4005 941 4072 illum,
971 4023 1023 4076 quo
1040 4011 1095 4063 tras
1114 4005 1269 4078 tragoediae
1288 4011 1315 4060 et
1332 4004 1424 4060 drama
1444 4005 1589 4074 satyricum
1608 4003 1635 4057 in
1654 4016 1776 4056 scaenam
1796 3999 1931 4070 darentur,

313 4109 420 4166 semper
443 4095 605 4164 obtinuisse,
631 4095 678 4150 ssd
699 4113 749 4151 oon
772 4097 824 4152 iam
845 4097 895 4164 ita,
916 4102 945 4152 ut
962 4099 1115 4169 tragoedias
1137 4101 1163 4154 in
1183 4115 1237 4156 una
1254 4099 1403 4170 argumenti
1422 4097 1599 4169 perpetuitate
1618 4098 1796 4162 versarentur,
1814 4095 1841 4150 id
1860 4096 1931 4168 quod

313 4187 445 4258 Aeschylo
465 4205 515 4244 uso
535 4189 657 4242 venit-
672 4189 750 4244 lnitio
765 4188 934 4260 (Sophoclea)
953 4191 1112 4262 Aeschylum
1133 4191 1293 4247 imitandum
1312 4191 1363 4246 sibi
1384 4191 1504 4262 sumpsit,
1526 4203 1587 4243 mox
1603 4185 1735 4257 Aeschylo
1752 4188 1845 4245 relicto
1864 4189 1930 4244 illud

312 4277 415 4346 effecit,
444 4287 473 4336 ut
500 4281 654 4352 tragoediae
682 4282 787 4338 sublato
806 4283 877 4337 omni
895 4285 1088 4340 coniunctionis
1108 4285 1178 4340 nodo
1199 4284 1267 4339 aliae
1293 4284 1320 4338 in
1341 4283 1394 4338 alio
1416 4285 1571 4352 argumento
1590 4284 1785 4336 versarentur!
1823 4281 1882 4350 Qus
1902 4283 1930 4337 in

313 4390 342 4428 re
363 4373 430 4428 illud
449 4375 618 4431 vehementer
631 4375 715 4430 miror
727 4391 760 4430 nc
779 4390 999 4432 commemorasse
1014 4377 1122 4448 quidem
1132 4377 1217 4432 videri
1227 4377 1370 4432 Kassaium
1389 4381 1432 4444 [ex
1448 4376 1482 4430 iis
1498 4373 1577 4430 modo
1594 4373 1628 4428 de
1644 4373 1694 4428 hac
1709 4375 1930 4429 commentatione

312 4483 455 4538 possumus
474 4467 602 4536 iudicare,
622 4483 692 4540 quae
709 4467 796 4522 relata
812 4471 874 4522 sunt
893 4467 919 4522 in
936 4469 1113 4540 ephemeride,
1132 4485 1201 4541 quae
1218 4469 1373 4526 inscribitur
1387 4467 1581 4538 Philologische
1600 4465 1811 4524 Wocnerschutt
1826 4465 1873 4522 No.
1887 4469 1929 4534 52,

314 4561 393 4630 1882]
406 4559 592 4616 difficultatem
606 4561 681 4616 illam
693 4576 710 4616 a
722 4559 856 4616 Boeclrhio
872 4565 1001 4632 apertam,
1017 4560 1114 4624 nedum
1133 4561 1328 4618 demonstraret
1344 4562 1471 4633 usurpari
1483 4577 1561 4631 posse
1574 4559 1612 4614 ita
1625 4559 1847 4632 praepositionem
1859 4559 1930 4632 πρός.

422 4654 443 4721 ⁹)
466 4655 497 4708 t.
519 4653 621 4710 Schbll:
645 4651 823 4711 Grimdlicher
840 4653 994 4710 Unterricht
1013 4655 1079 4710 tiber
1099 4653 1143 4710 die
1164 4655 1315 4724 Tetralcgie
1334 4655 1382 4711 des
1399 4653 1529 4710 attischen
1549 4652 1686 4708 Theaters.
1717 4651 1832 4722 Leipzig.
1857 4652 1930 4708 teos.

313 4747 447 4816 [128183.
