4644 5778
326 471 372 552 12

329 692 394 758 dici
418 713 513 776 posse
536 703 647 757 notum
671 691 771 773 ait²⁶).
815 678 903 755 Nihil
926 690 1003 756 dicit
1025 691 1143 758 chorus
1164 692 1205 756 ds
1228 713 1340 768 causa,
1370 715 1427 756 cur
1449 691 1569 778 Apollo
1592 689 1675 756 Laio
1703 711 1853 757 severum
1876 693 1958 758 illud

334 799 505 882 oraculum
526 801 733 885 praedixerit.
777 796 862 864 Sunt
889 800 944 884 qui
968 801 1172 888 suspicentur
1202 801 1376 878 (Krusius,
1408 800 1641 878 Susemihlius,
1670 799 1750 880 alii),
1780 809 1817 864 ut
1837 823 1957 888 poenas

330 909 436 974 lueret
457 909 559 974 Laius
585 920 717 995 propter·
747 908 917 974 scelestum
939 909 970 971 in
996 907 1218 997 Chrysippum
1247 911 1457 990 amorem²⁷),
1489 931 1560 974 eam
1582 931 1602 971 a
1624 907 1675 971 dis
1698 907 1745 971 illi
1777 909 1957 994 impositam

332 1040 405 1083 essa
429 1032 559 1095 sortem,
580 1031 616 1082 ut
637 1028 693 1082 aut
714 1039 845 1102 prorsus
868 1033 990 1084 careret
1001 1019 1088 1095 filiis,
1110 1032 1164 1083 aut
1186 1019 1313 1103 siquos
1334 1013 1543 1104 procreasset,
1561 1015 1620 1080 filii
1636 1038 1733 1080 manu
1750 1016 1955 1082 occideretur.

335 1125 411 1190 Hoc
433 1125 530 1191 modo
552 1123 751 1211 Aeschylum
774 1149 839 1190 rem
862 1125 1041 1192 instituisse
1066 1150 1105 1190 ex
1127 1129 1279 1192 universa
1300 1128 1376 1194 artis
1400 1124 1601 1210 Aeschyleae
1631 1123 1738 1188 indole
1761 1123 1957 1188 concluden-

336 1233 412 1298 dum
438 1257 509 1298 esse
532 1233 708 1309 affirmant,
741 1233 796 1318 qui
817 1235 918 1298 latum
942 1257 1006 1299 nou
1029 1247 1066 1299 ut
1088 1236 1190 1300 dirum
1210 1236 1434 1301 necessitatem
1459 1231 1658 1308 hominibus,
1689 1231 1757 1295 sive
1779 1232 1867 1296 noxii
1889 1233 1958 1298 sive

332 1341 454 1406 innoxii
478 1355 601 1419 essent,
631 1344 762 1418 instare,
789 1344 885 1407 modo
909 1343 936 1408 si
963 1343 1068 1408 scelus
1091 1345 1335 1420 commisissent,
1366 1345 1397 1407 in
1421 1343 1595 1429 perniciem
1617 1339 1740 1404 dudum
1763 1342 1957 1427 praedictam

334 1471 390 1515 eos
415 1451 536 1515 irruere
560 1451 742 1516 crediderit.
791 1452 864 1516 Alia
891 1463 1002 1518 contra
1024 1454 1176 1517 sentiunt.
1221 1449 1307 1517 Cum
1336 1473 1412 1517 vero
1440 1451 1594 1516 hocloco
1625 1449 1769 1533 quaestio
1793 1449 1833 1514 de
1854 1451 1958 1515 ethica

333 1559 491 1645 Aeschyli
514 1561 634 1624 ratione
656 1559 828 1625 diiudicari
850 1575 1004 1645 nequeat,
1032 1560 1087 1624 iila
1115 1583 1263 1646 quoque,
1298 1573 1407 1625 utrum
1437 1573 1531 1645 poeta
1554 1557 1627 1622 Laii
1659 1559 1765 1622 scelus
1796 1561 1826 1621 in
1849 1555 1956 1644 Chry·

335 1669 464 1754 cippum
485 1669 692 1732 commissum
717 1669 838 1732 iontem
859 1670 1001 1733 omnium
1025 1670 1181 1734 malorum
1205 1691 1277 1734 esse
1298 1649 1437 1732 voluerit
1460 1689 1577 1742 necue,
1607 1667 1639 1730 in
1662 1666 1770 1730 medio
1791 1679 1838 1732 est
1860 1667 1957 1732 relin-

334 1778 479 1863 quenda;
511 1776 661 1862 equidem
684 1790 966 1842 commemoratum
989 1801 1060 1842 esse
1082 1781 1113 1842 in
1136 1778 1247 1844 labala
1269 1779 1329 1842 hoc
1351 1776 1426 1840 Laii
1449 1775 1554 1839 scelus
1579 1775 1647 1840 ven·
1671 1774 1775 1840 simile
1798 1776 1956 1840 existimo.

330 1885 400 1950 Iam
421 1885 538 1950 chorus
561 1886 602 1950 ad
624 1883 807 1970 Oedipodis
831 1897 949 1950 sortem
973 1886 1252 1972 contemplandam
1274 1884 1473 1972 aggreditur.
1512 1907 1542 1948 ν.
1565 1885 1644 1950 753ι

634 2017 682 2080 τίν’
709 2018 827 2102 ἀνδρῶν
850 2021 907 2104 γὰρ
929 2018 1043 2082 τοσόνδ’
1070 2019 1250 2102 ἐδαόμασαν

635 2128 702 2189 ileol
726 2129 777 2190 καὶ
800 2127 947 2197 ξυνέστιοι
966 2127 1090 2204 πόλεος,
1116 2130 1132 2192 ό

520 2239 596 2302 755:
635 2236 807 2320 πολύβοτός
828 2237 850 2297 τ’
874 2238 949 2298 αἰὼν
972 2239 1101 2322 βροτῶν,

637 2343 708 2406 ὅσον
733 2343 790 2408 τότ’
816 2339 961 2406 Οἰδίπουν
985 2345 1058 2419 τίον,

636 2451 688 2514 τόν
713 2453 927 2536 ἁρπαξάνδραν

634 2561 697 2644 κῆρ’
726 2560 881 2644 ἀφελόντα
904 2562 1027 2645 χώρας;

638 2670 702 2732 ἐπεὶ
728 2671 754 2730 δ’
776 2669 931 2752 ἀρτίφρων

517 2783 596 2845 760:
639 2777 758 2860 ἐγένετο
787 2775 898 2858 μέλεος
918 2778 1034 2841 ἀθλίων

635 2887 754 2969 γάμων,
778 2884 823 2946 ἐπ’
849 2884 936 2967 ἄλγει
956 2887 1115 2970 δυσφορῶν

638 2993 808 3078 μαινομένα
831 2994 942 3077 κραδία

637 3103 749 3183 δίδυμα
771 3099 838 3165 κάκ’
861 3099 1015 3164 ἐτέλεσεν·

636 3209 823 3294 πατροφόνῳ
844 3213 913 3296 χερὶ
935 3217 995 3276 τῶν

519 3323 598 3386 765:
637 3317 898 3403 xapcorsatmt²⁸)
921 3322 1068 3406 ὀμμάτων
1089 3323 1260 3408 ἐπλάγχθη,
1356 3402 1360 3408 ¹

629 3425 776 3489 τέκνοισιν
800 3427 825 3489 δ’
846 3428 922 3511 ἀρὰς

630 3535 742 3618 ἐφῆκεν
767 3533 925 3605 ἐπικότους
944 3543 1070 3623 τροφᾶς,

437 3779 468 3846 ²⁶)
495 3795 518 3832 v.
538 3777 665 3831 Krusium
685 3775 701 3830 l.
722 3776 739 3830 Ι.
759 3795 782 3846 ρ.
800 3778 842 3832 32.
872 3778 1001 3834 Matthias
1019 3781 1136 3834 Gramen.
1158 3798 1196 3850 gr.
1220 3781 1252 3837 ll.
1271 3800 1295 3852 ρ.
1313 3784 1371 3837 986,

435 3870 467 3936 ²²)
492 3887 516 3924 v.
536 3868 690 3940 Apollodori
708 3867 771 3924 bibl.
792 3871 816 3924 3.
835 3871 859 3924 5.
875 3871 899 3924 5.
920 3872 960 3924 10.
991 3870 1004 3922 δ
1026 3872 1052 3923 δὲ
1072 3873 1140 3939 (scil.
1156 3873 1249 3942 Λάϊος)
1272 3875 1298 3926 δν
1321 3873 1512 3946 Πιλοποννήσιρ
1535 3874 1659 3928 διατελῶν
1681 3876 1841 3936 ἐπιξινοῦται
1859 3874 1956 3932 Πέλοπι

330 3967 375 4016 καὶ
393 3963 487 4017 τούτου
508 3961 589 4015 παῖδα
609 3961 760 4032 Χρύσιππον
782 3962 990 4035 ἁρματοδρομεῖν
1012 3962 1143 4018 διδάσκων
1163 3963 1280 4037 ἐρασθεὶς
1299 3967 1448 4038 ἀναρπάζει.

439 4057 470 4124 ²⁸)
498 4056 527 4110 lu
545 4055 596 4110 hoc
614 4069 693 4109 versu
711 4069 770 4109 curu
791 4054 943 4110 Hermanno
960 4059 1141 4128 κυρσοτέκνων
1161 4075 1211 4129 pro
1227 4061 1446 4131 κρεισσοτέκνων,
1475 4061 1514 4115 sic
1540 4061 1610 4114 euim
1638 4059 1735 4128 legitur
1760 4059 1788 4113 iu
1811 4060 1957 4126 (indicibile,

332 4147 504 4204 scribendum
523 4165 583 4205 esso
601 4164 648 4218 pro
666 4151 738 4202 certo
755 4145 849 4201 habco.
886 4146 951 4202 Vide
969 4164 1050 4219 quam
1069 4150 1314 4222 interpretationem
1334 4151 1491 4208 Schuetzius
1506 4151 1660 4222 protulerit:
1682 4151 1832 4218 „aberravit
1849 4152 1956 4223 quidem

331 4241 366 4296 ab
384 4241 468 4296 ouilia
489 4241 666 4311 potentiorum
685 4239 824 4302 filiorum.“
863 4241 970 4296 Weilius
987 4242 1026 4296 sic
1043 4249 1084 4298 est
1104 4244 1309 4315 interpretatus:
1332 4245 1438 4312 „oculos
1456 4245 1502 4316 qui
1520 4243 1663 4300 liberorum
1684 4241 1772 4300 officia
1790 4245 1887 4301 melius
1904 4262 1957 4300 ser·

330 4338 427 4390 varani
445 4351 526 4406 quam
543 4335 645 4390 dextra
676 4333 852 4404 Opponuniur
869 4334 939 4390 euim
958 4336 1115 4408 πατροφόνῳ
1134 4339 1191 4409 χερὶ
1209 4341 1237 4392 ei
1255 4340 1460 4410 κρεισσοτέκνων
1483 4337 1619 4406 ὀμμάτων.
1661 4335 1801 4394 Parricida
1819 4353 1900 4394 manu
1919 4339 1957 4393 in·

332 4444 431 4484 nocuos
453 4427 543 4483 oculos
563 4427 615 4482 sibi
635 4425 769 4482 abstulit.“
813 4425 927 4492 Sensus,
953 4445 1032 4499 quem
1053 4428 1211 4485 Schuetzius
1236 4447 1269 4485 ex
1292 4431 1335 4486 his
1360 4431 1448 4486 verbis
1466 4429 1627 4498 enucleavit,
1658 4447 1710 4484 non
1731 4437 1772 4485 cst
1793 4435 1884 4501 aptus,
1910 4447 1958 4486 cur

333 4521 405 4576 enim
431 4521 479 4576 filii
504 4521 666 4592 potentiores
692 4521 770 4574 sunt?
806 4520 954 4588 Quemnam
974 4523 1022 4578 filii
1043 4524 1161 4594 potentia
1184 4523 1361 4580 antecedunt?
1390 4525 1510 4596 patrem?
1541 4539 1620 4594 quem
1638 4522 1750 4578 Weilius
1771 4523 1797 4576 in
1818 4524 1851 4578 iis
1870 4525 1958 4580 inesse

329 4613 427 4682 voluit,
459 4615 482 4669 ia
502 4612 704 4668 insectantium
725 4612 851 4684 quadrat3
883 4615 931 4671 sed
953 4615 1113 4672 adiectivum
1132 4615 1328 4690 κριισσόττκνον
1350 4615 1420 4672 idem
1439 4632 1517 4686 posse
1536 4617 1625 4673 valere
1643 4631 1675 4671 ac
1696 4617 1824 4688 κρείσσων
1842 4617 1859 4690 ἢ
1878 4618 1957 4670 τέκνα
