4644 5778
1228 863 1279 927 II.

565 1107 633 1174 Iam
662 1129 737 1171 vero
772 1105 924 1191 expositis
954 1107 1002 1172 his
1034 1107 1076 1172 de
1100 1107 1246 1192 trilogiae
1279 1107 1423 1185 notione,
1452 1119 1612 1194 quatenus
1634 1129 1675 1173 ex
1697 1119 1843 1174 veterum
1870 1109 2063 1176 testimoniis

439 1227 545 1305 potest
565 1215 727 1300 cognosci,
749 1215 782 1280 in
802 1215 906 1301 ipsius
930 1215 1085 1301 Aeschyli
1104 1217 1258 1281 rationem
1278 1215 1458 1302 trilogicam
1480 1217 1692 1302 inquiramus,
1712 1217 1799 1304 quod
1824 1218 1869 1284 ita
1884 1219 2064 1285 instituturi

440 1349 568 1402 sumus,
597 1335 633 1388 ut
650 1325 754 1411 primo
784 1323 927 1410 trilogias
951 1325 1195 1409 perlustramus,
1220 1347 1301 1408 quas
1330 1335 1417 1391 actas
1440 1347 1512 1392 esse
1542 1325 1642 1392 abeo
1666 1339 1722 1391 aut
1743 1325 1865 1392 diserte
1888 1327 2062 1394 memoriae

439 1435 592 1500 traditum
613 1445 672 1512 est,
702 1450 757 1499 aut
778 1433 965 1498 certissimis
987 1433 1186 1518 argumentis
1208 1445 1314 1518 potest
1338 1431 1569 1514 demonstrari3
1599 1434 1721 1500 deinde
1742 1457 1952 1522 exponamus,
1981 1457 2064 1522 qnae

440 1567 480 1609 ex
502 1544 543 1608 iis
564 1543 606 1610 de
631 1559 699 1609 arte
722 1541 906 1628 Aeschyleo
926 1541 1151 1608 concludenda
1170 1565 1239 1608 esse
1262 1542 1443 1608 videantur.

564 1651 874 1718 Luculentissimum
894 1651 1041 1738 trilogiae
1053 1653 1246 1737 exemplum,
1265 1652 1352 1738 quod
1368 1652 1468 1716 solum
1483 1674 1521 1716 ex
1533 1651 1658 1738 ingenti
1676 1651 1915 1740 tragoediarum
1927 1675 2063 1719 numero

438 1764 601 1848 integrum
635 1760 677 1825 ad
705 1773 848 1826 nostram
878 1761 1025 1844 pervenit
1057 1775 1210 1837 aetatem,
1242 1763 1375 1827 Orestes
1405 1773 1473 1838 est,
1511 1782 1577 1846 qua
1609 1761 1815 1827 continentur
1846 1763 2062 1848 Agamemno,

439 1871 632 1958 Choephori,
655 1869 865 1936 Eumenides.
907 1869 944 1934 ln
962 1871 1066 1954 prima
1082 1869 1194 1936 fabula
1216 1870 1323 1956 agitur
1345 1894 1432 1936 mors
1447 1869 1711 1955 Agamemnonis,
1734 1869 1790 1955 qui
1812 1869 1911 1935 Troia
1931 1869 2063 1936 tandem

439 1994 625 2069 expugnata
641 1980 675 2043 in
696 1979 832 2065 patriam
856 2001 1006 2044 reversus
1032 1979 1073 2044 ab
1095 2002 1196 2044 uxore
1213 1981 1334 2064 gaudio
1354 1979 1501 2046 simulato
1522 1979 1677 2066 recipitur
1698 1991 1731 2044 et
1750 2001 1809 2066 per
1826 1978 1938 2046 dolum
1961 1979 2062 2044 inter·

438 2092 555 2157 licitur.
602 2090 839 2174 Argumentum
868 2086 994 2152 fabulae
1023 2088 1206 2153 accuratius
1238 2111 1385 2154 enarrare
1423 2088 1591 2165 nolumus,
1632 2111 1704 2154 cum
1734 2099 1766 2152 et
1792 2087 1997 2154 notissimum
2022 2088 2063 2152 sit

439 2223 544 2287 neque
560 2197 707 2264 hocloco
720 2197 760 2262 de
773 2197 1027 2282 Agamemnonis
1041 2195 1218 2281 tragoedia,
1241 2197 1299 2262 sed
1316 2197 1357 2262 de
1371 2197 1526 2282 Aeschyli
1543 2197 1664 2262 ratione
1685 2196 1833 2283 trilogiea
1853 2196 2062 2263 scribendum

437 2309 531 2377 nobis
562 2308 614 2373 sit.
666 2306 705 2370 ld
737 2329 813 2372 vero
843 2306 950 2388 magni
980 2306 1132 2372 momenti
1162 2318 1226 2370 cst:
1256 2329 1452 2392 quamquam
1476 2306 1733 2392 Agamemnonis
1761 2321 1860 2372 morte
1892 2308 2062 2393 tragoedia

440 2419 531 2484 finita
551 2431 583 2482 et
602 2417 687 2480 actio
708 2415 857 2482 absoluta
879 2414 1103 2490 videturesse,
1127 2416 1218 2502 sequi
1237 2429 1343 2480 tamen
1366 2416 1498 2480 alteram
1522 2415 1733 2502 tragoediam,
1754 2417 1865 2502 inqua
1881 2413 2060 2502 Agamem·

438 2528 532 2593 nonis
554 2525 653 2592 occisi
672 2525 757 2590 ultor
779 2524 923 2600 exsistat,
945 2525 1009 2588 iam
1031 2525 1189 2609 inpriore
1212 2524 1322 2590 labula
1344 2524 1492 2611 pluribus
1510 2525 1590 2590 locis
1613 2525 1759 2592 indicari.

563 2635 729 2700 Docemur
752 2657 783 2700 v.
796 2635 858 2700 843
879 2634 971 2717 (edit.
992 2632 1131 2714 Herm).
1162 2630 1313 2698 Orestem
1335 2655 1399 2698 non
1422 2634 1548 2709 adesse,
1572 2633 1630 2700 sed
1655 2633 1744 2721 apud
1765 2632 1956 2722 Strophium
1978 2633 2060 2700 edu·

438 2746 518 2812 cari:

741 2851 776 2914 ἐκ
794 2851 891 2914 τῶνδέ
915 2875 960 2914 τοι
981 2855 1052 2920 παῖς
1074 2851 1179 2914 ἐνθάδ’
1206 2852 1242 2916 οὐ
1265 2857 1456 2936 παραστατεῖ

742 2960 826 3044 ἐμῶν
850 2983 882 3022 τε
903 2962 954 3024 καὶ
975 2965 1037 3024 σῶν
1060 2959 1164 3046 κύριος
1185 2961 1400 3044 πιστωμάτων,

640 3074 717 3140 845:
740 3075 782 3140 ὡς
802 3075 892 3156 χρῆν,
910 3065 1067 3154 Ὀρέστης·
1088 3070 1168 3154 μηδὲ
1190 3069 1354 3155 θαυμάσῃς
1371 3069 1452 3136 τόθι.

742 3180 850 3264 τρέφει
872 3178 930 3262 γὰρ
954 3177 1046 3242 αὐτὸν
1068 3177 1199 3262 εὐμενὴς
1222 3179 1384 3263 δορύξενος

741 3287 891 3374 Στρόφιος
914 3287 929 3350 θ
949 3286 1089 3363 Φωκεύς,
1113 3311 1140 3349 κ.
1168 3310 1193 3348 τ.
1216 3289 1243 3350 λ.

440 3397 625 3467 Cassandra
649 3411 681 3464 et
710 3396 948 3484 Agamemnoni
977 3409 1008 3460 et
1032 3394 1093 3460 sibi
1125 3394 1196 3478 ipsa
1224 3405 1357 3460 mortem
1377 3395 1549 3463 vaticinata
1578 3397 1741 3464 vindicem
1778 3419 1850 3463 esse
1885 3407 2057 3462 venturum

439 3509 610 3597 praedicit:

564 3641 595 3681 ν.
618 3617 714 3683 1238:
741 3615 777 3678 οὐ
803 3616 860 3698 μὴν
884 3615 987 3696 ἄτιμοι
1008 3615 1032 3696 γ’
1059 3614 1093 3677 ἐκ
1116 3615 1198 3676 θεῶν
1220 3612 1416 3696 τεθνήξομεν.

737 3725 804 3808 ἥξει
830 3724 887 3808 γὰρ
912 3724 1000 3805 ἡμῶν
1025 3720 1119 3789 ἄλλος
1143 3719 1182 3784 αὖ
1203 3722 1357 3806 τιμάορος.

616 3836 714 3901 1240:
739 3831 943 3917 μητροκτόνον
967 3830 1091 3913 φίτυμα,
1111 3831 1265 3912 ποινάτωρ
1287 3829 1416 3914 πατρίς·

741 3939 838 4028 φυγὰς
860 3938 885 4002 δ’
909 3937 1023 4022 ἀλήτης
1044 3939 1133 4020 τῆσδε
1149 3942 1204 4020 γῆς
1227 3937 1374 4008 ἀπόξενος

743 4051 885 4122 κάτεισιν,
909 4045 984 4116 ἄτας
1003 4047 1092 4116 τάςδσ
1114 4047 1294 4131 θριγκώσων
1317 4047 1426 4130 φίλοις

741 4157 903 4240 ὀμώμοται
926 4155 983 4240 γὰρ
1007 4155 1098 4240 ὅρκος
1121 4154 1156 4220 ἐκ
1176 4156 1256 4220 θεῶν
1281 4153 1376 4240 μέγας

743 4265 824 4335 ἄξειν
847 4287 890 4326 νιν
913 4265 1068 4348 ὑπτίασμα
1088 4263 1230 4348 κειμένου
1252 4263 1376 4348 πατρός.

564 4401 595 4446 v.
620 4378 718 4443 1274:
741 4373 826 4438 οὗτοι
848 4373 976 4444 δυσοίζω
1001 4371 1118 4457 θάμνον
1140 4376 1183 4442 ὡς
1204 4372 1284 4458 ὅρνις
1307 4373 1396 4459 φόβῳ

740 4481 852 4550 ἄλλως·
875 4482 1013 4567 θανούσῃ
1028 4481 1207 4568 μαρτυρεῖτέ
1230 4506 1282 4566 μοι
1304 4481 1386 4553 τάδε,

739 4591 831 4655 ὅταν
854 4591 944 4673 γυνὴ
967 4593 1153 4674 γυναικὸς
1175 4591 1248 4654 ἀντ’
1272 4589 1364 4672 ἐμοῦ
1384 4590 1499 4676 θάνῃ,

741 4701 834 4785 ἀνήρ
859 4722 896 4762 τι
918 4700 1182 4785 δυτδάμαρτοτ
1204 4698 1276 4763 ἀντ’
1299 4699 1439 4784 ἀνδρὸς
1461 4699 1569 4785 πέσῃ.
