4644 5778
346 604 398 684 24

347 827 421 902 sei,
455 824 514 890 wie
538 825 590 889 die
611 826 855 910 Erinyensceue
888 851 939 893 am
961 829 1056 895 Ende
1082 829 1141 894 der
1164 822 1388 916 Choephoren.
1412 879 1420 894 .
1447 878 1486 894 ..
1519 831 1678 918 Dagegen
1707 832 1782 898 lttsst
1815 834 1882 899 sich
1912 835 1967 900 mit

347 935 420 1002 dem
441 934 557 1020 Gange
578 936 636 1000 der
656 935 837 999 chanken
857 935 926 1000 und
941 938 1206 1023 Empfindungen
1226 940 1258 1002 in
1281 939 1343 1002 den
1364 939 1611 1006 Eumeniden
1633 941 1737 1006 sicher
1755 941 1830 1007 hein
1850 943 1967 1009 andree
2049 921 2059 939 ’

346 1045 450 1112 Stnek
470 1044 686 1132 vergleichen,
707 1067 741 1108 es
761 1045 804 1108 ist
822 1045 883 1108 die
903 1045 1063 1131 einzige
1081 1043 1454 1132 Schlulstragodie,
1481 1049 1545 1114 die
1569 1049 1640 1113 wir
1669 1048 1848 1134 haben.⁵⁵)
1877 1052 1967 1118 Non-

345 1179 386 1221 ne
410 1153 485 1220 inde
507 1156 543 1219 fit
565 1155 784 1239 perspicuum,
808 1155 1035 1220 incertissimas
1058 1179 1130 1220 esse
1152 1177 1262 1220 omnes
1285 1157 1325 1222 de
1347 1157 1495 1243 trilogiis,
1524 1180 1660 1242 quarum
1682 1157 1772 1223 nulla
1794 1173 1898 1226 exstat
1918 1163 1968 1226 la-

347 1264 433 1340 bula,
456 1263 678 1329 coniecturas?
722 1263 765 1327 Et
787 1265 831 1328 ita
855 1287 927 1329 esse
949 1287 1080 1330 necesse
1105 1277 1168 1341 est;
1195 1289 1234 1330 ex
1256 1265 1444 1351 fragmentis
1467 1267 1551 1330 enim
1575 1267 1817 1353 deperditarum
1839 1283 1967 1355 tragoe-

345 1373 471 1438 diarum
494 1373 553 1436 etsi
576 1373 730 1438 nonnulla
751 1373 791 1436 de
813 1374 1011 1459 argumentis
1034 1387 1170 1459 possunt
1193 1375 1354 1452 concludi,
1385 1374 1464 1438 nihil
1488 1387 1594 1440 tamen
1617 1376 1658 1442 ad
1680 1399 1746 1442 rem
1769 1378 1914 1452 attinent,
1939 1379 1966 1444 si

347 1504 427 1566 quae
448 1481 631 1565 tragoediae
652 1503 685 1545 se
707 1482 900 1568 exceperint,
922 1483 1116 1567 quaerimus.
1155 1484 1201 1547 At
1221 1484 1457 1566 tragoediarum
1479 1485 1573 1560 tituli,
1596 1485 1623 1549 si
1643 1485 1728 1548 inter
1746 1509 1780 1551 se
1802 1510 1856 1552 eos
1877 1511 1966 1553 com-

347 1589 520 1676 paraveris,
541 1611 696 1674 persaepe
716 1589 878 1674 trilogiam
899 1589 1045 1656 suadent.
1087 1590 1175 1673 Quid
1198 1592 1274 1656 inde
1295 1591 1403 1676 colligi
1425 1593 1550 1680 potest?
1584 1592 1684 1667 Nihil,
1706 1594 1828 1679 opinor.
1876 1597 1965 1662 Nou-

345 1723 385 1765 ne
407 1697 557 1786 Oedipus
579 1721 646 1772 rex,
680 1699 857 1783 Antigone,
888 1696 1039 1784 Oedipus
1060 1697 1224 1766 Coloneus
1246 1701 1406 1784 trilogiam
1425 1701 1554 1766 efficere
1572 1703 1772 1786 potuerunt?
1814 1707 1965 1770 Attamen

345 1809 513 1876 seiunctim
535 1809 566 1872 in
592 1829 740 1872 scaenam
765 1823 839 1871 sunt
862 1808 1059 1874 commissae.
1102 1809 1169 1874 Fac
1191 1789 1285 1874 modo
1307 1809 1425 1874 Persas
1447 1809 1591 1874 fabulam
1619 1811 1787 1888 interisse,
1816 1811 1964 1877 didasca-

344 1919 418 1984 liam
441 1941 504 1982 uon
530 1940 601 1982 esse
624 1930 799 1992 servatam,
831 1918 903 1999 quis
935 1939 1088 2000 umquam
1115 1941 1187 1982 curn
1210 1919 1319 1984 Persis
1342 1918 1502 1984 Phineum
1525 1933 1556 1982 et
1578 1918 1740 1984 Glaucum
1763 1919 1964 1985 Potniensem

346 2027 566 2092 consociaret?
607 2025 650 2090 Et
672 2028 698 2089 si
719 2025 792 2110 quis
813 2025 848 2088 id
871 2025 997 2104 faceret,
1026 2027 1126 2092 risum
1150 2041 1235 2092 certe
1258 2026 1415 2093 moveret!
1458 2027 1592 2092 Accedit
1615 2050 1708 2105 vero,
1739 2029 1825 2113 quod
1848 2028 1908 2093 hac
1931 2029 1964 2092 in

345 2159 378 2200 re
402 2137 496 2200 etiam
519 2135 650 2221 gravius
672 2147 735 2200 est:
774 2157 832 2201 cur
861 2151 1112 2221 composuerunt
1140 2137 1269 2200 omnino
1297 2137 1443 2222 trilogias
1475 2137 1534 2200 viri
1566 2136 1676 2200 docti?
1720 2135 1820 2220 Quod
1845 2151 1964 2202 certam

344 2245 505 2330 quandam
533 2244 573 2310 de
600 2245 728 2330 trilogia
747 2244 930 2330 Aeschylea
952 2245 1132 2329 opinionem
1154 2245 1291 2328 amplexi
1314 2245 1553 2330 deperditarum
1575 2244 1758 2310 fabularum
1779 2247 1886 2311 titulos
1908 2269 1964 2332 per

343 2354 488 2438 trilogias
510 2355 639 2439 disponi
662 2369 693 2419 et
714 2379 809 2441 posse
832 2369 864 2418 et
884 2354 1002 2419 dehere
1025 2354 1239 2420 crediderunt.
1271 2353 1339 2419 Nos
1362 2377 1439 2419 vero
1462 2355 1525 2420 iam
1546 2353 1634 2418 nulla
1655 2354 1798 2440 trilogiae
1813 2353 1962 2439 Aeschy-

343 2463 411 2529 leae
433 2465 562 2528 notione
584 2465 766 2541 constituta,
791 2487 855 2550 quo
878 2463 947 2528 iure
970 2464 1032 2528 alia
1053 2463 1093 2528 ab
1116 2465 1185 2528 aliis
1208 2465 1352 2549 prolecta
1375 2465 1422 2528 uti
1445 2464 1640 2550 possumus?

1112 2799 1187 2864 111.

474 2999 541 3067 Sex
560 3003 661 3090 igitur
679 3015 754 3068 sunt
777 3001 934 3087 trilogiae,
959 3024 1094 3087 quarum
1116 3015 1266 3086 quattuor
1285 3015 1373 3067 actas
1389 3022 1460 3066 esse
1481 3001 1632 3066 traditum
1657 3015 1715 3077 est,
1738 3001 1830 3076 duas,
1851 3000 1962 3064 etiam-

343 3112 370 3176 si
393 3111 434 3177 de
455 3112 527 3176 loco
547 3112 732 3178 Promethei
754 3111 884 3198 igniferi
907 3111 1000 3174 etde
1023 3111 1124 3175 titulis
1144 3111 1392 3196 tragoediarum,
1416 3133 1497 3194 quae
1518 3110 1646 3174 iunctae
1668 3121 1758 3174 crant
1779 3131 1852 3174 cum
1875 3107 1961 3195 Sup-

342 3221 489 3306 plieibus,
514 3233 619 3306 potest
641 3221 793 3296 dubitari,
815 3221 847 3284 in
872 3243 1020 3285 scaenam
1043 3241 1114 3285 esse
1136 3220 1332 3296 commissas,
1353 3220 1380 3284 si
1398 3219 1478 3304 quid
1498 3242 1662 3304 umquam,
1683 3219 1751 3283 veri
1772 3218 1874 3282 simile
1895 3231 1960 3294 est;

341 3329 401 3396 hae
432 3341 526 3408 sunt,
555 3329 675 3415 quihus
706 3345 742 3394 ut
774 3343 861 3394 certo
893 3329 1120 3415 disputationis
1152 3330 1359 3396 fundamento
1393 3329 1439 3392 uti
1462 3328 1633 3413 possimus.
1675 3327 1834 3392 Videmus
1854 3341 1961 3392 autem

342 3439 483 3524 quinque
503 3439 646 3524 trilogias
669 3439 713 3502 ita
737 3461 808 3504 esse
832 3451 1042 3524 comparatas,
1065 3452 1101 3502 ut
1123 3437 1250 3503 fabulae
1271 3439 1452 3524 argumenti
1466 3438 1677 3522 perpetuitate
1696 3437 1780 3526 inter
1794 3460 1828 3502 se
1842 3437 1957 3501 cohae-

341 3563 441 3625 reant,
464 3561 501 3612 ut
521 3549 661 3614 actiones
683 3548 882 3632 singularum
906 3545 1086 3612 fabularum
1110 3547 1240 3612 minime
1264 3549 1328 3612 siut
1348 3547 1525 3623 absolutae,
1549 3547 1669 3632 quippe
1691 3569 1775 3632 quae
1795 3560 1851 3612 aut
1869 3568 1959 3632 prae-

341 3679 486 3742 gressam
508 3669 564 3721 aut
584 3671 725 3722 secutam
746 3680 817 3722 esse
836 3677 931 3720 unam
954 3655 1077 3720 duasve
1097 3655 1224 3722 fabulas
1245 3655 1391 3732 doceant,
1416 3669 1447 3719 et
1467 3678 1575 3720 rerum
1594 3656 1961 3741 enarrationemapoeta

340 3767 386 3832 ita
404 3753 476 3830 es'se
496 3766 685 3840 institutam,
708 3781 743 3830 ut
765 3788 804 3830 ex
827 3763 937 3830 fabula
959 3765 1130 3849 superstite
1153 3787 1217 3828 non
1238 3787 1340 3849 pauca
1358 3764 1399 3829 de
1420 3765 1597 3850 deperditis
1618 3765 1725 3846 colligi
1745 3765 1850 3840 liceat,
1871 3762 1959 3847 quod

342 3874 475 3940 uberius
502 3897 600 3960 supra
621 3873 925 3939 demonstravimus.
971 3873 1083 3958 ltaque
1105 3875 1270 3940 nonnullis
1292 3874 1428 3958 trilogiis
1448 3873 1595 3951 uomina,
1623 3874 1741 3960 quibus
1767 3889 1831 3938 tres
1858 3871 1959 3958 signi-

340 3961 519 4048 ficabantur
549 3984 690 4060 tabulae,
727 3983 790 4047 iam
819 3982 860 4046 ab
894 3983 1034 4067 antiquis
1068 3984 1167 4048 indita
1195 3983 1347 4046 videntur
1373 4005 1459 4059 esse;
1494 3995 1531 4048 ut
1563 3985 1596 4046 in
1625 3980 1851 4067 Aristophanis
1876 3979 1958 4044 Rau.

340 4117 371 4158 v.
397 4096 477 4160 1124
497 4091 635 4158 Orestca
656 4093 845 4158 nominatur.
880 4093 988 4176 Atque
1009 4092 1050 4157 ab
1072 4090 1288 4176 Aristophane
1309 4091 1441 4176 quidem
1461 4089 1633 4158 Oresteam
1651 4103 1775 4154 tantum
1794 4089 1835 4155 de
1851 4085 1958 4154 Choe-

340 4202 448 4288 phoris
471 4213 503 4266 et
521 4201 562 4268 de
583 4201 821 4267 Eumenidibus
842 4201 904 4265 dici
925 4212 1065 4288 apparet.
1100 4199 1251 4285 Euripidi
1269 4200 1364 4276 enim,
1384 4201 1440 4286 qui
1460 4201 1624 4284 castigans
1642 4199 1793 4286 prologos
1809 4196 1958 4280 Aeschy-

339 4311 407 4375 leos
429 4334 503 4376 eum
524 4323 635 4398 rogat:

643 4425 763 4503 πρῶτον
788 4418 823 4482 δέ
846 4443 899 4502 μοι
920 4420 971 4482 τὸν
996 4419 1026 4489 ἐξ
1050 4417 1225 4502 Ὀρεστείας
1249 4419 1319 4502 λέγε

342 4526 525 4613 Aeschylus
547 4527 626 4593 haec
647 4527 758 4592 recitat
780 4527 894 4594 verba:

341 4702 538 4710 -——-.—--—--

442 4787 473 4848 δᾶ)
500 4782 603 4840 Otfried
621 4783 730 4840 Miller:
756 4784 811 4839 Des
829 4781 977 4853 Aeschylus
993 4781 1167 4838 Eumeniden.
1201 4781 1343 4852 Gottingen
1364 4781 1430 4836 1839
1448 4797 1474 4850 p.
1493 4781 1554 4838 193.
