4644 5778
1868 613 1917 700 27

294 842 453 928 trilogias‚
480 832 521 906 ut*
534 839 695 906 Philocles
719 838 964 916 Pandionidem‚
986 837 1247 924 Polyphradmon
1269 837 1480 926 Lycurgiam‚
1510 850 1542 904 et
1563 839 1632 924 ipse
1653 840 1838 926 Aeschylus
1859 840 1920 906 mi-

296 953 382 1018 nime
401 950 462 1018 sibi
482 963 631 1016 constans
653 961 730 1014 erat.
765 947 877 1032 Neque
898 948 1088 1014 mirabimur
1111 948 1292 1034 tragoedias
1321 971 1387 1014 una
1408 945 1584 1013 didascalia
1607 947 1640 1012 in
1662 971 1810 1014 scaenam
1831 972 1920 1015 oom-

298 1062 414 1126 missas
445 1082 507 1124 non
538 1059 636 1125 semel
662 1057 861 1133 cohaesisse,
895 1057 922 1121 si
950 1056 1135 1141 mythorum
1161 1079 1351 1141 graecorum
1373 1067 1517 1122 naturam
1540 1056 1864 1136 consideraverimus,
1887 1059 1920 1124 in

295 1168 413 1254 quibus
433 1168 565 1234 heroum
589 1183 690 1232 sortes
714 1189 771 1252 per
791 1165 972 1252 complures
996 1166 1217 1250 generationes
1238 1175 1328 1229 erant
1347 1177 1504 1230 narratae.
1534 1164 1633 1230 Poeta
1654 1166 1756 1251 igitur
1774 1167 1801 1232 si
1821 1168 1919 1234 unius

296 1278 481 1364 tragoediae
501 1288 728 1360 argumentum
747 1297 787 1339 ex
808 1274 917 1359 aliquo
938 1275 1123 1360 mythorum
1144 1273 1312 1360 complexu
1335 1273 1482 1358 sumpsit,
1504 1287 1625 1339 ceteras
1645 1295 1684 1337 ex
1703 1275 1816 1340 eadem
1835 1275 1917 1341 serie

298 1408 424 1452 sumere
448 1386 595 1472 potuit,
618 1397 649 1448 et
671 1405 765 1469 saepe
789 1383 926 1449 fortasse
948 1385 1095 1470 sumpsit,
1119 1382 1249 1448 minime
1272 1404 1347 1446 vero
1368 1384 1439 1468 lege
1462 1382 1601 1468 quadam
1624 1384 1701 1447 artis
1725 1385 1919 1452 dramaticae

296 1494 469 1560 obstrictus
491 1495 525 1558 id
548 1495 654 1558 facere
678 1489 826 1556 debuit.

421 1602 580 1684 Quoniam
610 1602 711 1686 igitur
733 1601 933 1686 Aeschylum
960 1615 1047 1666 certa
1074 1602 1106 1665 in
1131 1599 1360 1686 componendis
1384 1600 1519 1686 trilogiis
1542 1601 1614 1686 lege
1640 1624 1703 1665 non
1726 1624 1821 1666 usum
1845 1623 1916 1668 esse

296 1713 454 1788 vidimus,
486 1725 594 1776 utrum
624 1731 751 1796 semper
780 1710 926 1796 trilogias
953 1733 993 1776 an
1022 1709 1167 1796 singulas
1198 1709 1372 1795 aliquando
1400 1709 1583 1794 tragoedias
1611 1711 1774 1786 docuerit,
1807 1712 1918 1796 quaeri

297 1835 412 1908 potest.
457 1821 570 1887 Unum
598 1820 694 1884 modo
722 1817 815 1884 nohis
843 1831 1007 1884 servatum
1034 1831 1082 1884 est
1105 1817 1226 1884 Suidae
1249 1820 1484 1896 testimonium,
1517 1841 1557 1883 ex
1576 1841 1641 1904 quo
1662 1819 1784 1905 aliquid
1806 1821 1911 1906 possis

295 1929 433 1995 efficere.
474 1929 602 1994 Etenim
627 1927 654 1992 ai
679 1927 857 2013 Sophocles
880 1927 1004 2014 primus
1025 1927 1098 2002 fuit,
1131 1927 1187 2012 qui
1210 1927 1385 2014 aliquando
1409 1929 1473 1994 iam
1496 1952 1558 1994 non
1580 1939 1743 2013 quattuor,
1777 1931 1919 1996 seduna

290 2051 426 2104 certaret
446 2037 565 2110 fabula,
588 2037 674 2101 haud
694 2036 795 2101 multo
819 2059 838 2102 a
862 2059 937 2100 vero
959 2036 1189 2112 aberrabimus,
1213 2038 1239 2100 si
1261 2037 1381 2122 aliquot
1404 2037 1495 2103 annis
1519 2049 1592 2102 ante
1615 2034 1810 2123 Sophoclem
1834 2039 1917 2103 illud

291 2147 428 2234 trilogiis
449 2147 592 2214 certandi
615 2168 718 2231 genus
740 2145 923 2210 institutum
946 2167 1018 2210 esse
1038 2145 1234 2231 putabimus,
1256 2169 1328 2212 cum
1350 2169 1414 2212 non
1435 2147 1476 2212 sit
1497 2147 1566 2211 veri
1587 2146 1690 2212 simile
1709 2147 1914 2232 Sophoclem,

293 2279 374 2342 quae
397 2255 492 2320 modo
515 2269 623 2321 essent
645 2255 801 2330 instituta,
826 2255 933 2320 satim
955 2255 1189 2320 immutavisse.
1233 2253 1374 2322 Cuinam
1398 2277 1473 2320 vero
1495 2255 1682 2332 diiudicare,
1715 2270 1823 2320 utrum
1846 2271 1919 2323 ante

294 2365 450 2451 Aeschyli
468 2378 604 2430 aetatem
618 2388 658 2429 an
677 2363 717 2428 ab
734 2363 894 2450 Aeschylo
922 2365 993 2450 ipso
1012 2365 1064 2430 hic
1083 2387 1150 2430 mos
1170 2365 1211 2430 sit
1231 2365 1437 2440 constitutus,
1453 2363 1603 2450 ‘magnus
1624 2365 1757 2430 donavit
1772 2361 1920 2452 Apollo?

295 2473 331 2540 Si
355 2475 394 2541 ab
417 2475 596 2558 Aeschylo,
626 2472 666 2538 ab
695 2495 733 2536 eo
761 2473 877 2537 iuvene
901 2473 936 2537 id
965 2477 1085 2538 factum
1110 2496 1181 2539 esse
1205 2473 1393 2560 putandum.
1441 2473 1553 2560 Itaque
1583 2473 1767 2558 Aeschylus
1792 2497 1919 2560 semper

293 2583 438 2670 trilogias
460 2585 580 2659 docuit,
603 2595 772 2667 antequam
788 2581 966 2668 Sophocles
987 2605 1107 2647 morem
1127 2583 1218 2648 illum
1242 2584 1439 2660 immutaret3
1462 2606 1536 2648 cum
1559 2605 1636 2648 vero
1656 2597 1687 2646 et
1702 2599 1775 2667 post
1790 2581 1917 2669 Sopho-

294 2693 374 2759 clem
398 2693 480 2758 dues
503 2717 576 2758 eum
597 2691 747 2756 docuisse
770 2690 914 2774 trilogias
937 2705 1078 2767 constet,
1110 2691 1276 2778 probabile
1305 2692 1437 2777 quidem
1458 2707 1507 2758 est
1526 2715 1598 2758 eum
1619 2713 1677 2778 per
1698 2704 1804 2776 totam,
1820 2693 1918 2759 vitam

299 2802 362 2867 hoe
385 2802 597 2887 componendi
619 2822 737 2884 genere
760 2821 831 2866 esse
854 2822 961 2864 usum.

420 2909 489 2975 Iam
527 2909 774 2996 disputationem
810 2909 851 2974 ad
879 2909 977 2974 linem
1003 2908 1180 2974 adduxisse
1206 2909 1298 2975 nobis
1324 2909 1488 2986 videmur;
1532 2909 1577 2974 sic
1607 2932 1700 2985 vero,
1731 2927 1768 2976 ut
1796 2913 1919 2998 paucis,

294 3041 378 3104 quae
398 3019 618 3104 exposuimus,
643 3017 901 3103 complectamur,
927 3017 1117 3084 statuimus:

423 3132 455 3206 l)
484 3125 566 3191 Tres
587 3126 733 3192 eiusdem
754 3139 865 3211 poetae
884 3126 1069 3214 tragoediae
1088 3126 1200 3192 eadem
1220 3126 1395 3194 didascalia
1414 3129 1446 3192 in
1468 3149 1616 3193 scaenam
1635 3128 1729 3194 datae
1747 3141 1860 3214 postea
1878 3129 1919 3196 ab

298 3235 530 3302 Alexandrinis
553 3236 730 3299 nominatae
755 3249 831 3300 sunt
850 3235 1007 3322 ‘trilogia‘.

422 3347 456 3424 2)
487 3343 672 3428 Aeschylus
696 3367 822 3430 semper
843 3344 989 3430 trilogias
1012 3344 1143 3410 videtur
1165 3343 1325 3412 docuisse.

422 3455 456 3536 3)
486 3453 568 3518 Tres
589 3453 735 3539 trilogiae
749 3453 949 3537 Aeschyleae
969 3452 1096 3518 fabulae
1118 3475 1181 3518 non
1202 3455 1430 3519 necessario
1451 3455 1577 3520 iunctae
1599 3467 1688 3520 erant
1711 3471 1913 3542 argumento.

292 3559 394 3642 Quod
417 3562 443 3625 si
465 3563 667 3638 factumest,
701 3585 799 3628 causa
828 3585 888 3628 neo
915 3561 948 3626 iu
976 3577 1044 3626 arte
1064 3563 1230 3648 Aeschylo
1260 3563 1386 3648 propria
1414 3585 1472 3627 nec
1495 3563 1529 3628 iu
1550 3565 1702 3649 pristinae
1728 3565 1915 3652 tragoediae

293 3669 415 3745 indole,
439 3669 497 3734 sed
520 3671 553 3734 in
575 3671 758 3756 mythorum
779 3673 881 3737 inerat
903 3683 1026 3736 natura.

1364 3859 1571 3948 Joannes
1604 3859 1800 3950 Wetzel.
