4644 5778
426 579 546 703 μ’.
776 613 781 627 ·
1370 535 1375 546 ’
1916 601 1961 687 17

259 795 265 810 ⁸
333 823 483 908 amplum
505 821 588 888 illud
611 835 755 899 stemma,
777 824 867 910 quod
888 823 1080 910 logographi
1104 825 1181 890 dicti
1204 825 1245 890 de
1262 825 1443 912 Aegyptiis,
1468 824 1698 902 Phoenicibus,
1731 824 1851 900 Persis,
1876 822 1961 912 Scy-

291 995 298 1012 ,
342 932 415 1008 this,
437 934 562 998 cunctis
584 933 722 1017 denique
742 933 926 998 nationibus
949 933 1067 998 exteris
1088 935 1132 998 ita
1152 935 1350 1011 effluxerant,
1378 944 1413 998 ut
1434 957 1488 999 eas
1510 955 1621 999 omnes
1642 934 1804 1020 primitiva
1822 935 1959 1020 quadarn

341 1041 511 1120 affinitate,
541 1056 574 1107 et
604 1065 641 1108 ea
671 1043 712 1110 ab
733 1041 812 1127 ipsis
835 1041 987 1119 Graecis,
1017 1043 1203 1108 nominatim
1224 1042 1265 1107 ab
1289 1042 1325 1107 lo
1347 1043 1472 1126 Argiva
1493 1043 1642 1128 repetita,
1673 1043 1774 1108 teneri
1795 1044 1960 1110 fecissent.

342 1149 417 1232 Qua
437 1152 468 1214 in
488 1151 609 1216 familia
631 1151 684 1216 alii
705 1173 779 1217 eum
797 1151 842 1216 ita
862 1151 1028 1227 collocant,
1048 1163 1085 1216 ut
1105 1174 1179 1216 enm
1197 1152 1360 1234 Agenoris
1379 1151 1430 1216 vel
1449 1150 1619 1216 Phoenicis
1635 1137 1840 1237 Agen‘oridae
1857 1152 1961 1218 filium

339 1260 442 1326 luisse
465 1261 590 1336 dicant3
618 1261 672 1326 alii
694 1283 767 1326 eum
791 1284 810 1324 a
832 1259 909 1324 Belo
930 1245 1103 1324 oriundum
1125 1261 1286 1346 fratreque
1309 1259 1439 1347 Cepheo
1462 1282 1557 1325 usum
1578 1281 1650 1326 esse
1672 1261 1790 1327 volunt.
1836 1258 1960 1348 Cephei

341 1367 439 1434 filiam
463 1370 706 1436 Andromedam
733 1394 753 1435 a
775 1369 894 1436 Perseo
917 1369 1039 1436 Persen
1061 1370 1187 1434 enixam
1215 1392 1303 1446 esse,
1331 1370 1453 1436 Persen
1484 1381 1592 1435 autem
1614 1369 1786 1436 Persarum
1815 1373 1959 1438 omnium

341 1499 497 1562 proavum
523 1480 695 1546 exstitisse.
747 1478 854 1564 Igitur
885 1477 1028 1544 Phineus
1059 1479 1239 1544 avunculus
1263 1478 1374 1544 Persis
1394 1490 1461 1555 est,
1502 1479 1615 1564 proavi
1644 1479 1835 1556 Persarum,
1865 1482 1959 1546 cuius

341 1589 526 1674 progeniem
559 1591 654 1654 etiam
676 1589 822 1654 Xerxem
852 1610 924 1654 esse
952 1590 1022 1674 ipse
1045 1587 1228 1672 Aeschylus
1250 1588 1379 1652 indicat.
1426 1589 1533 1673 lgitur
1554 1587 1698 1652 Phineus
1720 1589 1959 1672 quodammodo

339 1697 441 1763 Persa
463 1698 625 1783 mythicus
647 1711 711 1774 est,
740 1713 772 1763 et
801 1698 856 1783 qui
885 1697 919 1761 in
949 1719 1020 1761 eam
1042 1696 1221 1782 trilogiam,
1251 1697 1344 1762 cuius
1374 1697 1527 1762 articulus
1555 1697 1683 1762 medius
1712 1714 1743 1762 et
1772 1699 1958 1785 principalis

340 1805 459 1873 Persae
490 1808 656 1895 tragoedia
687 1821 750 1884 est,
779 1807 909 1894 egregie
941 1805 1098 1892 implicari
1128 1817 1252 1891 posset·⁴
1263 1809 1316 1884 ⁴⁰).
1371 1804 1465 1887 Quae
1497 1805 1578 1870 ratio
1608 1829 1670 1892 quo
1700 1806 1796 1872 modo
1825 1808 1957 1874 defendi

256 1900 261 1908 ¹
340 1917 451 2002 possit,
475 1940 537 1982 non
559 1917 666 1983 video.
711 1917 823 2000 Quid?
862 1915 949 2002 quod
970 1917 1004 1980 in
1025 1915 1135 1981 Persis
1157 1915 1342 2000 Aeschylus
1362 1915 1487 1980 Xerxis
1510 1915 1667 2002 originem
1690 1938 1787 1981 versu

643 2027 835 2113 ypuocyu‘tcu
858 2031 964 2109 γενεᾶς
988 2024 1110 2094 ἰσόθεος
1130 2028 1197 2110 φώς

339 2135 502 2212 indicavit,
531 2136 649 2200 deinde
672 2136 758 2222 quod
783 2135 973 2222 logographi
997 2133 1128 2218 quidam
1151 2133 1311 2198 Phineum
1334 2154 1408 2198 curn
1432 2133 1541 2200 Persis
1566 2157 1683 2220 genere
1705 2133 1858 2200 affinitate
1880 2157 1958 2200 con·

340 2243 482 2309 iunctum
504 2269 575 2312 esse
595 2246 781 2311 narrabant:
805 2245 880 2310 ideo
897 2242 1081 2328 Aeschylus
1100 2242 1261 2308 Phineum
1284 2263 1357 2306 cum
1379 2243 1488 2309 Persis
1509 2243 1553 2310 ita
1572 2243 1803 2310 consociaverit
1823 2267 1957 2311 necesse

341 2365 398 2430 est,
418 2367 455 2418 ut
474 2355 634 2420 Phineum
652 2357 824 2421 Persarum
846 2365 964 2418 sortem
983 2351 1209 2418 vaticinantem
1228 2351 1370 2416 faceret?
1406 2351 1474 2434 Qui
1493 2353 1614 2419 incerta
1632 2376 1690 2440 pro
1709 2365 1795 2418 certa
1814 2353 1956 2440 arripere

340 2463 428 2540 nolit,
449 2465 477 2530 is
503 2465 543 2530 de
565 2465 682 2530 Phinei
704 2475 894 2548 argumento
917 2463 994 2527 certi
1015 2461 1186 2548 quicquam
1210 2459 1370 2526 affirmare
1392 2460 1562 2527 dubitabit.

466 2573 643 2640 Graviores
668 2597 744 2638 vero
766 2572 863 2638 habet
887 2572 1103 2636 dubitationes
1127 2569 1220 2636 tertia
1242 2569 1423 2654 tragoedia;
1457 2591 1530 2636 cum
1555 2571 1694 2636 enimin
1717 2571 1826 2636 codice
1848 2571 1957 2638 Medi·

341 2702 396 2746 ceo
424 2681 513 2748 solus
535 2684 682 2750 Glaucus
708 2682 907 2755 nominetur,
937 2678 1021 2744 duos
1048 2695 1155 2745 autem
1180 2677 1342 2755 Glauces,
1376 2678 1538 2744 Glaucum
1560 2679 1717 2744 marinum
1739 2691 1771 2744 et
1793 2678 1956 2746 Glaucum

340 2789 546 2856 Potniensem
565 2793 606 2858 ab
621 2791 786 2878 Aeschylo
806 2801 895 2856 actos
915 2812 986 2854 esse
1007 2801 1141 2864 constet,
1162 2801 1235 2854 uter
1250 2789 1396 2854 Glaucus
1418 2787 1606 2852 coniunctus
1626 2789 1723 2854 luerit
1742 2811 1816 2853 cunr
1833 2787 1957 2867 Persis,

338 2897 430 2966 nobis
453 2903 674 2985 quaerendum
697 2916 755 2970 est.
801 2899 1012 2964 Welckerum
1037 2898 1064 2962 si
1087 2899 1265 2991 sequimur,
1295 2897 1440 2963 Glaucus
1462 2898 1606 2964 marinus
1628 2898 1794 2984 tragoedia
1814 2899 1891 2976 luit,
1923 2900 1956 2964 in

339 3030 401 3093 qua
424 3032 535 3096 pugna
556 3011 757 3076 Himerensis
783 3009 975 3074 narrabatur
996 3006 1158 3074 aGlaucc
1180 3031 1197 3072 e
1219 3008 1299 3072 mari
1322 3003 1432 3070 Siculo
1453 3005 1682 3074 Anthedonem
1703 3029 1844 3072 reverso.
1887 3003 1956 3073 Sed

338 3131 376 3182 nt
396 3133 592 3204 praeteream
617 3120 771 3205 Aeschyli
795 3131 908 3193 artem,
935 3117 963 3182 si
985 3117 1020 3180 in
1041 3117 1150 3182 Persis
1173 3138 1315 3200 pugnam
1334 3113 1552 3192 Salaminiam,
1578 3117 1612 3180 in
1632 3115 1760 3182 Glauco
1782 3115 1955 3182 Himeren-

339 3249 405 3291 sem
434 3227 573 3294 describi
600 3229 728 3305 fecerit,
758 3227 934 3313 pet-exilem
965 3227 1145 3292 habendam
1185 3247 1271 3302 csse,
1305 3223 1449 3298 fueritne,
1480 3225 1611 3290 omnino
1636 3224 1782 3292 Glaucus
1811 3227 1955 3293 mannus

338 3337 521 3421 tragoedia,
555 3340 760 3402 vehementer
788 3336 911 3402 dubito.
957 3335 1102 3401 Primum
1132 3333 1249 3399 Glauci
1282 3332 1395 3398 marini
1422 3356 1562 3419 persona
1591 3336 1774 3420 tragoediae
1805 3336 1955 3420 dignitati

338 3466 399 3508 non
422 3459 471 3510 est
492 3447 699 3522 conveniens,
726 3445 813 3530 quod
836 3445 1047 3510 Welekerum
1077 3445 1181 3508 virum
1209 3442 1441 3528 elegantissimi
1462 3443 1574 3509 iudicii
1595 3466 1659 3510 non
1684 3447 1823 3512 sensisse
1846 3447 1955 3524 miror,

338 3575 531 3639 quamquam
554 3556 623 3642 ipse
644 3555 786 3640 scripsit:
815 3553 916 3619 Diese
937 3553 1105 3639 Wirkung
1124 3552 1193 3616 und
1216 3552 1268 3616 die
1287 3548 1519 3636 Siegesireude
1539 3559 1676 3618 musstsn
1697 3553 1749 3618 die
1767 3555 1956 3620 Zusohauer

337 3665 458 3728 zuletzt
479 3663 735 3751 empfanglieher
759 3662 892 3728 macheu
914 3665 968 3729 fur
990 3664 1060 3728 eine
1082 3685 1175 3738 neue,
1199 3662 1393 3738 seltsame,
1417 3663 1485 3727 und
1506 3663 1559 3728 bei
1583 3663 1661 3728 aller
1682 3661 1812 3730 thrde
1834 3664 1866 3728 in
1891 3665 1955 3729 den

335 3773 449 3840 Reden
468 3775 536 3839 und
557 3772 774 3840 Erhabenheit
797 3773 830 3837 in
852 3774 915 3838 den
936 3774 1046 3858 ngen
1068 3771 1127 3837 des
1148 3771 1276 3835 Damon
1299 3770 1445 3835 dennoch
1466 3773 1777 3858 einigermassen
1804 3774 1955 3858 lustige

336 3881 632 3968 Erecheinung,
664 3883 711 3947 als
739 3883 793 3946 fur
821 3895 920 3948 etwas
950 3880 1114 3946 durchaus
1141 3879 1334 3944 Feierliches
1366 3879 1434 3942 und
1465 3880 1686 3948 Erhebendes.
1742 3880 1853 3949 Selbst
1883 3884 1953 3948 dass

339 3991 487 4057 Glaukos
510 4013 573 4057 von
596 3981 742 4056 wirklich
765 3989 970 4056 Gesehenem
991 3989 1130 4066 redend,
1163 4009 1225 4051 von
1254 3987 1328 4052 dem
1358 3989 1604 4074 prophetisehen
1628 3990 1775 4056 Glaukos
1800 3993 1868 4057 und
1888 3991 1953 4058 Ne-

337 4122 411 4165 reus
436 4101 486 4165 ein
511 4099 724 4185 Gegenstttck
746 4099 858 4177 bildet,
887 4101 977 4185 gieht
996 4099 1063 4165 ihm
1086 4099 1361 4183 gewissermassen
1391 4098 1485 4162 einen
1508 4099 1717 4186 niedrigen
1741 4102 1820 4165 und
1844 4101 1955 4166 mehr

336 4208 515 4274 heiteren
539 4206 818 4293 Charakter.⁴¹)
847 4207 988 4286 Deinde,
1010 4208 1098 4293 quod
1120 4206 1236 4273 summi
1260 4207 1410 4270 momenti
1434 4224 1492 4280 est,
1517 4207 1705 4276 scholiastes
1726 4210 1768 4275 ad
1788 4209 1952 4276 Theocrit.

335 4391 535 4402 —----..—-

438 4488 472 4552 ⁴⁰)
497 4483 598 4540 Preller
616 4483 633 4538 l.
651 4484 667 4538 l.
688 4501 713 4554 p.
734 4485 759 4538 7.
787 4481 820 4538 cl.
839 4481 940 4538 Welclr.
955 4481 1054 4552 l'rilcg.
1074 4499 1102 4552 p.
1117 4483 1180 4537 478:
1213 4479 1313 4547 ,Debai
1337 4480 1372 4534 ist
1392 4480 1465 4536 nicht
1483 4480 1552 4536 ohne
1572 4481 1735 4552 Bedeuttmg,
1756 4481 1816 4538 dats
1834 4483 1952 4539 Phineus

338 4575 379 4631 bei
397 4575 464 4632 aller
482 4575 714 4633 Unbestimmtheit
732 4577 786 4632 und
803 4574 1039 4631 Verschiedenheit
1058 4574 1107 4630 der
1123 4572 1303 4644 Genealogien
1321 4573 1415 4628 immet
1433 4573 1476 4628 ein
1494 4573 1705 4644 Morgsnltinder,
1723 4575 1868 4645 gleichsam
1891 4577 1953 4632 eine

337 4670 388 4724 Art
402 4669 565 4740 mythischer
584 4669 679 4724 Perssr
697 4669 755 4724 ist.⁶

438 4765 471 4830 ss)
503 4762 635 4818 welcher:
656 4761 754 4832 Trilog.
776 4779 800 4832 p.
819 4763 878 4818 475.

1734 4862 1751 4914 3
