4644 5778
585 763 664 826 ⁶235:
707 763 741 822 :h
764 763 823 822 πᾶν
847 757 978 842 ἔγρῃζει
999 759 1078 820 frio
1102 763 1226 840 perine
1246 761 1326 824 ries.

705 873 755 930 zai
776 873 871 928 ’.οἶσιν
893 867 995 934 otte:
1017 865 1174 949 ἀντέβαινε
1195 873 1274 950 πλην
1298 871 1387 949 ipsi.

707 979 767 1058 ἐγὼ
792 979 810 1039 ὅ
842 975 1002 1058 stiipe?-
1027 977 1217 1058 ἐξελυσάμην
1242 978 1372 1060 βροτοὺς

707 1093 762 1150 ’.οὗ
787 1089 829 1168 μὴ
852 1085 1104 1167 διαρςᾃαιςῖιέντας
1130 1087 1298 1152 eisd-don
1321 1089 1440 1167 puleii,

707 1203 750 1280 τῷ
772 1218 819 1256 τοι
842 1195 975 1262 τοιαίςδι
994 1201 1162 1274 nuceriae
1181 1197 1371 1277 m'pmpm.

704 1307 835 1388 tessera
859 1305 913 1384 pie
936 1304 1133 1384 ἁλγειιαῖπιν.
1153 1306 1318 1386 οἰκτραῖσιν
1339 1305 1357 1365 d
1388 1307 1473 1367 ἰδεῖν.

405 1427 473 1493 Sed
495 1427 595 1491 multo
617 1424 743 1488 maioris
765 1421 915 1486 moerenti
939 1439 986 1482 est
1010 1421 1154 1484 scholion
1176 1422 1267 1493 illud,
1292 1446 1367 1506 quo,
1397 1425 1458 1487 nisi
1482 1425 1595 1488 vitium
1618 1427 1651 1489 in
1680 1449 1719 1490 eo
1740 1425 1839 1488 latere
1860 1441 2022 1508 putamus,

410 1535 600 1620 Westphalii
624 1531 732 1616 opinio
754 1531 939 1594 firmissimo
964 1529 1076 1592 nititur
1102 1530 1319 1594 fundamento.
1365 1530 1450 1596 Cum
1478 1557 1554 1597 vero
1584 1535 1664 1599 illnd
1688 1536 1777 1619 quod
1801 1531 2021 1617 westphaliae

406 1645 571 1710 ‹metituit
593 1659 817 1722 argumentum
840 1638 968 1724 igniferi
980 1643 1020 1716 ’Ἴ
1052 1662 1109 1723 per
1137 1663 1170 1701 =e
1200 1639 1277 1702 nihil
1304 1640 1434 1718 heluat,
1461 1644 1550 1726 quod
1575 1646 1730 1728 Aeschyli
1761 1645 1822 1707 arti
1856 1653 2022 1726 repugnet,

403 1753 521 1818 deinde
542 1775 615 1816 cnm
636 1753 667 1815 in
690 1749 881 1814 Prometheo
904 1747 1011 1810 vincto
1033 1749 1141 1810 nullus
1163 1749 1344 1812 inveniatur
1365 1774 1493 1826 verme,
1522 1777 1587 1838 quo
1609 1753 1836 1818 necessario
1856 1771 2023 1834 praegres-

409 1887 476 1926 μω
500 1886 571 1924 esee
593 1860 686 1925 aliam
708 1857 905 1940 tragoediam
929 1857 1028 1940 ponit
1051 1859 1272 1932 ‹lernonstrari
1302 1859 1355 1921 rix
1373 1861 1535 1936 adducor,
1564 1881 1598 1924 ut
1622 1862 1813 1947 corrigenda
1834 1882 1906 1924 esse
1927 1858 2023 1922 scho-

404 1971 514 2037 liastae
538 1969 636 2034 verba
657 1991 731 2032 cum
755 1967 927 2030 ll'clcltere
951 1983 1072 2050 putem.
1118 1965 1234 2030 Paucis
1257 1969 1339 2030 eninr
1364 1989 1509 2033 veterum
1531 1971 1724 2034 testimoniis
1747 1971 1774 2034 si
1794 1971 1857 2056 ipsi
1878 1993 1937 2032 nos
1958 1967 2023 2052 pri·

409 2081 609 2154 venerimus,
644 2077 704 2142 hec
726 2078 845 2142 auxilio
866 2075 955 2138 nobis
981 2075 1131 2157 adempto
1157 2095 1267 2139 nostro
1289 2077 1421 2141 arbitrie
1443 2080 1551 2142 omnia
1573 2081 1667 2144 nohis
1689 2080 1899 2144 diiudicanda
1919 2090 2022 2141 erunt.

406 2189 491 2272 Quis
515 2211 591 2254 vero
614 2189 675 2252 hec
698 2189 752 2251 ria
778 2188 829 2249 rix
851 2185 918 2248 reri
940 2185 1109 2268 quiequam
1133 2185 1217 2247 ellici
1241 2209 1335 2270 posse
1356 2209 1417 2248 non
1441 2187 1550 2251 sidet?
1591 2189 1702 2272 ltaque
1725 2207 1756 2253 et
1779 2189 1923 2253 scholion
1947 2209 2024 2250 con·

406 2298 602 2364 servandum
625 2313 655 2362 et
678 2295 916 2381 ll'estphelium
938 2315 1014 2357 vera
1036 2293 1157 2358 vidisse
1180 2295 1256 2356 mihi
1279 2297 1434 2378 persuasi.

532 2407 641 2472 Pauca
661 2405 799 2488 denique
822 2405 863 2466 de
889 2402 1097 2486 supplicibus
1120 2403 1276 2466 dicemus.
1312 2402 1415 2470 Cuius
1437 2406 1563 2470 fabulae
1586 2407 1774 2470 uuiversum
1797 2422 2023 2492 argumentum

405 2514 673 2582 continuationem
703 2515 880 2600 efflagitare
907 2511 966 2576 etsi
996 2513 1203 2596 perspicuum
1229 2531 1295 2588 est,
1325 2531 1356 2576 et
1382 2537 1576 2600 quamquam
1607 2515 1730 2580 nullum
1759 2515 1792 2579 in
1816 2514 2024 2599 Supplicibns

408 2649 536 2692 versum
559 2623 601 2688 ad
625 2623 767 2690 lahulem
794 2622 930 2708 aliquem
962 2644 1182 2706 praegressum
1213 2624 1389 2706 pertinere,
1424 2624 1561 2708 ideoque
1595 2627 1697 2710 primo
1723 2625 1793 2689 loco
1821 2642 1924 2689 actam
1951 2646 2024 2687 esse

405 2737 487 2802 hanc
506 2732 648 2800 tabulam
669 2733 747 2798 satis
764 2747 886 2796 constat
898 2735 949 2812 ⁵¹),
968 2753 1125 2814 quaenam
1140 2732 1256 2794 luerint
1273 2730 1345 2794 illae
1361 2735 1556 2816 tragoediae,
1576 2758 1690 2820 parurn
1709 2735 1815 2798 adhuc
1830 2734 1940 2818 liquet.
1974 2732 2024 2795 De

407 2843 504 2910 rebus
526 2857 651 2918 autem,
681 2864 762 2928 quas
785 2839 967 2904 tractaverit
990 2838 1188 2924 Aeschylus,
1218 2863 1281 2902 non
1303 2840 1513 2905 dubitandum
1538 2861 1604 2919 est,
1634 2845 1712 2928 quin
1738 2846 1771 2908 in
1795 2845 1894 2910 altera
1915 2841 2026 2906 fabula

408 2951 592 3016 Danaidum
615 2951 746 3037 nuptiae
770 2969 1025 3035 sponsoremque
1046 2949 1176 3024 caedes,
1205 2949 1236 3012 in
1267 2951 1360 3013 tertia
1389 2950 1543 3016 iudicium
1575 2954 1614 3018 de
1636 2953 1910 3038 Hypermestra,
1939 2974 2024 3036 quae

407 3061 490 3146 patri
512 3081 574 3124 non
597 3059 751 3126 obsecuta
772 3057 904 3142 Lynceo
927 3071 1130 3142 pepercerat,
1158 3074 1229 3120 acta
1251 3059 1323 3121 sint.
1369 3059 1628 3146 Hermannus⁵²)
1658 3063 1789 3147 quidem
1811 3063 1842 3126 in
1865 3062 1958 3126 tertia
1978 3063 2026 3124 ia-

407 3167 483 3232 bula
507 3191 571 3232 non
596 3166 699 3232 solum
722 3167 764 3230 de
786 3167 1042 3252 Hypenrrneetra
1061 3167 1126 3250 agi,
1148 3167 1205 3230 sed
1227 3168 1430 3232 coniunctum
1455 3194 1526 3236 esse
1549 3195 1624 3235 cum
1643 3173 1713 3236 eius
1736 3193 1834 3236 censa
1856 3170 2025 3243 iudicium,

407 3275 494 3363 quod
517 3289 641 3341 ceterae
664 3276 829 3342 Danaides
852 3293 882 3340 ct
906 3275 1039 3340 Danaus
1061 3277 1130 3360 ipse
1150 3275 1330 3350 subissent,
1359 3277 1539 3346 affirmavit
1583 3281 1690 3363 Quam
1713 3282 1861 3367 epionem
1889 3277 2025 3365 probare

407 3411 469 3452 non
492 3409 634 3474 possum.
680 3383 805 3450 Etenim
834 3403 888 3450 aut
911 3385 1164 3470 Hypermnestra
1189 3386 1368 3448 accusanda
1396 3403 1478 3464 erat,
1509 3391 1596 3474 quod
1626 3394 1746 3455 lactum
1772 3412 1844 3454 esse
1875 3389 1936 3452 hec
1965 3388 2024 3452 de·

407 3511 604 3561 monstratur
625 3495 821 3578 fragmento:

408 3667 606 3678 ...ομ-..-ι

511 3773 542 3836 ⁹²)
571 3767 705 3840 Wcstphal
726 3765 742 3820 l.
762 3765 778 3820 1.
797 3785 820 3836 p.
840 3769 900 3821 ⁶218.
936 3766 985 3820 nte
1003 3765 1177 3836 Versohnung
1197 3766 1298 3822 errthfilt
1326 3769 1374 3822 das
1397 3770 1478 3824 dritte
1496 3773 1591 3838 Stsrel;
1622 3775 1661 3828 sie
1689 3776 1755 3829 vird
1782 3775 1915 3828 moliriert
1939 3773 2024 3826 durch

409 3865 461 3921 den
479 3861 593 3934 llythus,
619 3861 680 3916 dass
698 3859 766 3916 Zeus
786 3860 843 3915 sich
863 3859 910 3914 mit
929 3859 1022 3913 Thetis
1040 3877 1073 3913 zu
1092 3860 1243 3915 rermdhlen
1263 3863 1390 3921 wtinseht.
1412 3865 1477 3918 aber
1495 3866 1579 3920 durch
1599 3867 1771 3922 Prometheus
1789 3866 1892 3937 Spruch
1912 3867 1954 3921 die
1973 3867 2025 3921 Ge·

408 3957 501 4014 lahren
522 3953 647 4020 erheuet,
676 3953 720 4009 die
739 3971 788 4010 aus
807 3953 907 4008 diesem
927 3953 1019 4008 Bunde
1038 3953 1127 4008 seiner
1143 3954 1296 4008 llerrschatt
1316 3957 1466 4010 erwachsen
1485 3960 1605 4014 cerdon.
1637 3961 1696 4015 Und
1716 3961 1760 4015 die
1779 3959 1958 4029 Vermdhlnng
1975 3958 2025 4013 der

410 4051 503 4106 Thetis
523 4049 571 4104 mit
586 4047 695 4114 Peleus,
722 4048 766 4102 die
785 4047 855 4102 deun
876 4047 1049 4104 Prometheus
1067 4051 1157 4111 aeret,
1186 4048 1328 4102 rernrittelt
1348 4049 1400 4102 ihm
1420 4049 1471 4106 den
1491 4052 1613 4125 διάδοχος
1633 4053 1720 4105 πόνων
1741 4055 1768 4108 in
1788 4054 1837 4108 der
1853 4053 1956 4109 Gestalt
1976 4052 2025 4107 des

408 4144 516 4200 Chiron.
549 4159 574 4214 p,
591 4141 651 4196 219.
689 4139 735 4195 Ala
753 4140 926 4196 Prometheus
946 4142 1029 4197 durch
1051 4141 1261 4210 Verlfrndigung
1280 4141 1328 4195 des
1348 4143 1459 4197 Orakels
1480 4145 1531 4199 den
1552 4145 1642 4200 Thren
1664 4145 1712 4200 des
1730 4146 1798 4201 Zeus
1818 4164 1864 4202 ror
1882 4147 1942 4202 dem
1964 4147 2025 4203 Um·

408 4243 481 4292 sture
498 4235 638 4305 gesichcrt,
659 4234 699 4289 als
718 4249 747 4290 cr
765 4234 883 4304 zugleich
903 4237 979 4292 einen
999 4235 1195 4291 Stellvertrcter
1215 4234 1346 4302 [refundes
1367 4235 1447 4301 hatte,
1468 4237 1516 4292 der
1535 4240 1608 4292 seine
1626 4237 1713 4292 Strate
1733 4239 1782 4294 aul
1795 4241 1851 4296 sich
1871 4242 1960 4306 nahm,
1988 4241 2024 4295 de

408 4327 498 4386 werde
518 4345 548 4383 er
568 4327 609 4382 als
627 4327 758 4401 πυρφόρος
777 4325 838 4386 lete
862 4328 955 4396 geebrt
979 4328 1063 4384 durch
1086 4327 1249 4396 Einsetzung
1276 4328 1361 4382 seines
1387 4329 1550 4398 gltnzendeu
1576 4331 1681 4397 Festos,
1709 4332 1758 4386 der
1778 4332 1933 4404 προμηθιια,
1970 4333 2025 4388 Der

408 4438 510 4492 genien
529 4419 610 4476 tabet
630 4421 695 4478 rrird
713 4419 796 4476 durch
817 4419 869 4476 den
888 4421 1018 4476 attischen
1039 4421 1149 4476 Dichter
1169 4423 1211 4474 ein
1230 4421 1371 4476 Abschluts
1390 4423 1423 4477 im
1445 4424 1778 4495 national-petriotisehen
1798 4426 1882 4481 Sinne
1899 4428 2023 4497 gegeben,

408 4515 515 4572 lhnlich
533 4516 582 4570 wie
600 4514 658 4570 dies
678 4515 705 4570 in
725 4513 773 4570 der
788 4513 893 4570 Orestis
913 4515 995 4570 durch
1015 4515 1065 4569 den
1084 4513 1146 4570 Gult
1165 4515 1213 4568 der
1233 4513 1394 4570 Eumeniden
1414 4517 1561 4586 geschehen
1583 4519 1625 4572 ist.

511 4609 544 4674 Ἰ)
567 4623 589 4660 v.
609 4605 749 4662 Tittlertttn
771 4609 811 4664 in:
838 4607 991 4664 zeitschrift
1009 4608 1051 4662 ffir
1069 4607 1395 4662 Altertumswissenschat't
1417 4611 1483 4664 1838
1505 4629 1529 4680 p.
1547 4612 1599 4666 953
1616 4628 1671 4682 seq.
1741 4615 1745 4626 '

511 4703 542 4768 ⁸²>
568 4700 747 4756 dermannus:
776 4701 809 4756 de
827 4701 950 4771 Aeschyli
972 4701 1275 4768 Danaidihus182otv.
1296 4700 1392 4771 Opusc.
1413 4701 1444 4756 11.
1464 4705 1514 4759 319
1534 4705 1599 4774 seq.)
