4644 5778
485 845 595 930 Atque
618 845 697 908 haec
719 844 876 908 haetenus
897 843 938 906 de
959 841 1143 926 Lycurgia3
1181 841 1344 926 sequitur,
1378 851 1415 904 ut
1442 841 1474 904 in
1507 849 1653 926 quartam
1676 839 1854 924 trilogiam,
1881 863 1978 924 quam

355 953 555 1039 Aeschylum
580 953 732 1018 docuisse
755 964 889 1026 constat,
912 949 1123 1034 inquiramus,
1146 949 1233 1014 illam
1254 950 1337 1026 dico,
1360 973 1424 1038 qua
1444 949 1650 1013 continentur
1670 947 1825 1024 Phineus,
1848 947 1979 1026 Persae,

354 1061 513 1137 Glaucus,
538 1061 631 1126 ouius
653 1061 773 1124 Persae
796 1059 904 1124 adhuc
927 1071 1062 1122 exstant.
1106 1057 1214 1139 Quam
1237 1057 1436 1144 tragoediam
1459 1057 1487 1122 si
1509 1057 1750 1132 examinamus,
1782 1067 1820 1120 ut
1839 1056 1980 1142 vestigia

349 1171 506 1256 quaedam
538 1181 569 1233 et
596 1169 822 1254 praecedentis
849 1179 879 1230 et
903 1167 1068 1250 sequentis
1091 1167 1220 1231 fabulae
1247 1165 1546 1252 deprehendamus,
1578 1165 1687 1230 nullus
1718 1175 1822 1228 exstat
1851 1187 1978 1242 versus,

282 1353 286 1360 ,
352 1301 418 1364 quo
440 1277 518 1342 alias
540 1301 614 1342 cum
634 1278 694 1342 hac
713 1277 814 1342 luisse
837 1276 1026 1340 coniunctas
1047 1275 1172 1340 fabulas
1192 1275 1403 1340 demonstrari
1425 1276 1537 1360 possit.
1572 1269 1658 1337 Cum
1677 1273 1777 1358 igitur
1795 1274 1828 1338 in
1845 1271 1977 1357 Septem

352 1387 462 1452 fabula
481 1397 529 1449 tot
552 1397 679 1469 tamque
703 1385 813 1448 lucida
832 1384 931 1448 insint
949 1383 1080 1460 indicia,
1104 1383 1281 1468 exquibus
1303 1405 1462 1449 summam
1481 1381 1666 1468 argumenti
1687 1393 1718 1446 et
1732 1381 1806 1445 Laii
1826 1394 1858 1446 et
1870 1379 1975 1448 Oedi·

357 1496 463 1581 podis,
484 1494 579 1560 sicuti
601 1495 734 1558 fecimus
757 1531 796 1540 -
821 1493 862 1555 de
881 1491 1042 1556 industria
1060 1493 1144 1555 enim
1164 1515 1247 1577 quae
1268 1492 1398 1557 aliunde
1415 1503 1549 1577 possent
1567 1489 1686 1565 afferri,
1713 1490 1917 1574 negleximus
1938 1531 1977 1542 -

355 1603 515 1690 refingere
536 1603 710 1688 possimus,
733 1602 765 1665 in
781 1600 906 1665 Phineo
924 1599 986 1664 hoc
1005 1601 1125 1664 auxilio
1148 1624 1281 1686 prorsus
1304 1602 1447 1666 destituti
1465 1601 1507 1665 ad
1524 1599 1588 1664 alia
1602 1599 1787 1684 confugere
1808 1598 1976 1664 debemus.

350 1712 459 1796 Atque
483 1711 515 1774 in
540 1710 663 1774 Phineo
685 1711 828 1795 quidem,
851 1708 945 1772 cuius
966 1709 1094 1774 fabulae
1120 1711 1186 1774 duo
1209 1732 1324 1774 versus
1348 1709 1436 1795 apud
1456 1709 1663 1773 Athenaeum
1688 1719 1761 1772 sunt
1785 1708 1917 1772 servati:

655 1822 705 1882 καὶ
729 1819 938 1903 ψευδόδειπνα
961 1818 1063 1880 πολλὰ
1088 1823 1253 1903 μαργώσης
1274 1817 1389 1898 γνάθου

653 1927 833 2011 ἐῤῥυοίαζον
859 1927 1009 2008 στόματος
1031 1926 1063 1987 ἐν
1088 1929 1195 2010 πρώτῃ
1219 1932 1312 2010 χαρᾷ,

348 2036 565 2101 miserrimum
589 2058 697 2100 senem
723 2034 907 2098 Boreadum
930 2056 1028 2118 opera
1050 2033 1091 2098 ab
1113 2033 1267 2116 Harpyiis
1292 2055 1363 2098 esse
1384 2033 1556 2098 liberatum
1588 2045 1619 2096 et
1641 2055 1699 2119 per
1726 2033 1849 2098 severi
1873 2033 1977 2098 simile

349 2155 397 2210 cst
419 2154 450 2208 et
471 2167 586 2209 versus
609 2143 656 2208 illi
683 2143 835 2216 suadent,
871 2142 925 2226 qui
955 2142 996 2205 ad
1021 2141 1186 2226 Harpyias
1213 2141 1374 2206 referendi
1403 2153 1489 2208 sunt.
1544 2141 1612 2206 Sed
1641 2153 1806 2227 praeterea
1832 2141 1911 2205 nihil
1935 2139 1976 2205 dc

348 2251 407 2318 hac
428 2251 540 2317 fabula
559 2252 654 2316 uobis
676 2267 725 2316 est
745 2261 874 2326 notum3
910 2250 1087 2314 latissimus
1115 2233 1216 2334 igitur
1246 2261 1331 2334 patet
1360 2273 1494 2338 campus
1517 2248 1727 2324 coniecturis,
1758 2271 1862 2333 neque
1884 2250 1977 2334 quio·

349 2383 445 2445 quam
467 2361 589 2436 obstat,
619 2361 792 2445 quominus
814 2382 874 2424 sua
894 2359 1032 2443 quisque
1062 2359 1248 2426 delectetur.
1292 2359 1537 2440 Welclrerus³⁸t
1565 2359 1698 2443 quidem
1718 2357 1877 2424 Phineum
1902 2381 1976 2424 cunr

351 2469 554 2552 Argonautis
575 2469 728 2554 pericula,
757 2489 839 2552 quae
861 2467 901 2531 iis
922 2481 1031 2532 esseut
1052 2469 1213 2545 merenda,
1244 2481 1311 2532 tum
1333 2491 1415 2554 quae
1435 2469 1575 2533 rationes
1599 2467 1699 2532 Asiae
1723 2488 1798 2531 oum
1820 2465 1978 2533 Graeciae

351 2579 480 2665 populis
500 2599 559 2663 per
584 2576 692 2640 omnia
719 2577 847 2640 saecula
867 2587 974 2640 esseut
994 2577 1239 2651 intercessurus,
1259 2577 1467 2643 vaticinatum
1489 2600 1561 2642 esse
1582 2577 1767 2661 suspicatus
1789 2589 1847 2639 est.
1879 2573 1978 2640 Sum-

349 2711 401 2752 ma
421 2698 528 2752 autem
548 2685 763 2760 oraculorum,
785 2685 812 2748 si
832 2685 985 2750 audimus
998 2685 1241 2767 Prellerurn³⁷),
1261 2687 1317 2770 qui
1335 2686 1501 2751 Welckeri
1522 2685 1713 2750 seutentiam
1733 2695 1783 2750 est
1799 2685 1978 2770 amplexus,

351 2796 432 2859 hacc
455 2794 534 2858 luit:
570 2794 840 2878 ,Hellespontum
861 2793 935 2857 olim
958 2817 977 2858 a
997 2793 1107 2859 Persis
1130 2795 1274 2860 iunctum
1296 2795 1346 2870 iri,
1369 2795 1484 2861 Persas
1506 2795 1679 2861 delubrum
1702 2793 1898 2878 Delphicum
1921 2794 1979 2858 de·

353 2915 553 2978 vastaturos,
583 2901 700 2967 deinde
722 2903 921 2979 interituros3
954 2901 1073 2966 Medos
1102 2903 1225 2988 ingenti
1247 2915 1354 2990 strage
1375 2904 1461 2989 apud
1483 2903 1757 2969 Thermodontem
1780 2913 1812 2966 et
1832 2903 1979 2985 Asopum

349 3011 465 3076 fluvios
487 3011 688 3096 profligatum
711 3012 780 3075 iri.“
825 3011 952 3075 Prolata
983 3023 1088 3075 autem
1116 3034 1188 3076 esse
1219 3011 1252 3074 in
1275 3012 1399 3078 Phineo
1430 3013 1559 3078 oracula
1590 3013 1632 3078 ad
1664 3023 1782 3076 sortem
1803 3010 1978 3078 Persarum

353 3118 555 3206 pertinentia,
581 3119 776 3184 Welcherus
798 3141 837 3185 ex
859 3141 955 3184 versu
979 3123 1056 3186 740:

657 3233 727 3312 φεῦ,
754 3229 865 3316 ταχεῖά
887 3230 913 3310 γ’
937 3227 1016 3312 ἦλθε
1037 3233 1185 3313 χρησμῶν
1208 3230 1314 3314 πρᾶξις

353 3337 462 3422 colligi
483 3359 579 3422 posse
599 3338 733 3422 putavit.
766 3336 883 3412 „Sonst
904 3337 1015 3402 whrde
1035 3335 1088 3399 die
1108 3336 1260 3418 plotzlieh
1279 3339 1477 3404 eintretende
1494 3337 1584 3402 Reda
1608 3341 1667 3420 φεῦ
1690 3361 1717 3399 κ.
1728 3360 1751 3398 τ.
1761 3339 1789 3399 λ.
1810 3337 1977 3402 manahem

353 3446 514 3521 Athener,
538 3446 597 3510 der
616 3446 681 3510 sich
703 3467 757 3508 um
777 3443 1009 3510 Oralrelwesen
1032 3448 1139 3529 wenig
1160 3445 1394 3524 hekummerte,
1416 3446 1536 3512 ebenso
1557 3445 1681 3510 dunlrel
1702 3444 1876 3530 gebliebeu
1898 3447 1978 3522 sein,

354 3553 402 3618 als
425 3555 500 3618 dem
521 3555 690 3619 wacksren
714 3553 962 3638 Blomfield.³⁸)··
1010 3553 1103 3634 Quae
1126 3578 1166 3617 nc
1191 3557 1368 3638 speciosius
1394 3578 1490 3640 quam
1513 3553 1624 3618 verius
1648 3553 1734 3618 dicta
1757 3554 1831 3626 sint,
1855 3576 1979 3620 vereor.

351 3659 435 3726 Nam
455 3683 529 3726 oum
549 3664 633 3728 inter
652 3663 797 3729 Graecos
817 3663 947 3726 oracula
968 3661 1008 3725 de
1029 3662 1204 3726 Persarum
1225 3663 1356 3728 interitu
1377 3666 1485 3729 statim
1507 3677 1579 3749 post
1607 3685 1750 3750 pugnam
1770 3661 1977 3729 Salaminiam
2035 3685 2041 3702 ·

353 3769 522 3856 divulgata
544 3795 615 3838 esse
638 3795 678 3837 ex
701 3772 868 3836 Herodoto
877 3773 916 3850 ³⁹)
942 3771 1085 3854 intellegi
1108 3771 1224 3855 possit,
1255 3794 1393 3856 cumque
1416 3773 1480 3836 illis
1505 3773 1722 3857 temporibus,
1752 3773 1780 3837 si
1801 3772 1882 3856 quid
1903 3795 1976 3857 gra·

352 3878 424 3942 vius
448 3877 568 3942 homini
591 3880 771 3955 accidisset,
794 3879 852 3942 diu
875 3879 1011 3943 deorum
1033 3880 1170 3944 oraculis
1190 3879 1225 3943 id
1244 3903 1316 3946 esse
1339 3883 1540 3966 praedictum
1558 3882 1754 3947 credideriut
1769 3877 1978 3956 Graeci„ue-

351 3986 469 4050 minem
500 3987 533 4050 in
557 3988 683 4052 theatro
705 3989 869 4054 sedentem
893 3987 1024 4052 obscuri
1048 3988 1220 4074 quicquam
1243 3990 1276 4053 in
1299 3989 1456 4075 Aeschyli
1485 3991 1593 4056 verbis
1625 3989 1789 4054 invenisse
1820 3989 1978 4054 affirmare

352 4095 467 4158 ausim.
510 4095 577 4160 Sed
597 4097 691 4161 etiam
714 4097 814 4161 altero
838 4107 1030 4181 argumento
1052 4095 1248 4162 Welolrerus
1271 4099 1421 4182 opionem
1445 4101 1633 4164 confirmare
1666 4120 1763 4184 posse
1793 4096 1854 4163 sibi
1887 4099 1977 4164 visus

351 4215 416 4278 est,
448 4225 522 4268 cum
542 4203 701 4269 Phineum
729 4206 970 4288 quodammodo
993 4205 1127 4270 Persam
1149 4206 1328 4291 mythicum
1357 4231 1429 4273 esse
1452 4208 1563 4272 voluit.
1606 4206 1814 4292 „Implicatur
1835 4207 1921 4272 enim
1944 4207 1977 4269 in

453 4481 484 4544 ³⁶)
510 4477 630 4532 weleker
650 4475 750 4546 Trilog.
768 4495 793 4546 p.
813 4479 872 4532 tto.
891 4476 986 4534 Rhein.
1007 4479 1074 4534 hius.
1095 4479 1124 4532 V.
1142 4480 1193 4533 204
1210 4495 1265 4549 seq.

452 4572 485 4640 ⁸⁷)
509 4570 623 4626 Prellcr:
648 4571 686 4626 De
706 4569 831 4640 Aeschyli
852 4570 941 4626 Persis
962 4573 1029 4628 1846
1049 4572 1121 4638 (vide
1141 4571 1319 4628 Gesammcltc
1337 4572 1464 4628 Aulsatze
1484 4574 1551 4628 1864
1572 4589 1596 4643 p.
1619 4575 1631 4628 l
1652 4575 1719 4642 seq).

454 4665 487 4730 ³⁸)
511 4663 606 4718 Rhain.
627 4663 694 4718 Mus.
716 4662 747 4716 V.
766 4665 825 4718 229.

452 4757 485 4824 ³⁹)
511 4755 609 4811 Herod.
631 4756 674 4811 lX.
697 4759 737 4812 16,
