4644 5778
1976 620 2002 700 9

370 835 520 920 Denique
545 845 582 899 ut
603 846 799 919 praeteream
829 859 895 901 non
925 835 1021 900 semel
1047 857 1065 900 a
1088 835 1186 901 choro
1214 835 1296 901 illud
1324 836 1434 902 παθεῖν
1454 839 1505 902 τὸν
1529 837 1657 920 ἔρξαντα
1685 841 1732 924 (ν.
1751 841 1850 922 1530)
1870 839 2005 916 canum,

368 942 401 1008 in
421 942 485 1008 fine
506 941 638 1008 fabulae
661 941 781 1010 chorus
803 943 1000 1031 Aegisthum
1021 944 1172 1008 admonet
1193 944 1306 1009 vivum
1329 967 1400 1011 esse
1416 943 1577 1012 Orestem.

496 1074 527 1115 v.
552 1055 653 1118 1616:
677 1049 823 1137 Ὀρέστης
846 1052 907 1137 ἆρά
926 1075 986 1116 που
1011 1051 1118 1137 βλέπει
1142 1053 1231 1136 φοίος,

677 1159 763 1230 ὅπως
784 1162 942 1226 κατελθὼν
967 1161 1059 1243 δεῦρο
1086 1165 1255 1243 πρευμενεῖ
1270 1161 1348 1245 τύχῃ

676 1271 792 1354 ἀμφοῖν
814 1271 939 1353 γένηται
961 1270 1062 1332 τοῖνδε
1085 1269 1260 1354 παγκρατὴς
1283 1270 1411 1353 φονεές;

398 1387 430 1440 et
451 1399 482 1441 v.
507 1377 653 1446 1638...
677 1377 729 1441 ἐὰν
753 1379 872 1460 δαίμων
894 1374 1041 1462 Ὀρέστην
1066 1375 1148 1459 δεῦρ’
1171 1377 1331 1460 ἀπευθύνῃ
1353 1381 1468 1461 μολεῖν.

497 1483 599 1566 Quod
626 1499 866 1568 exspectamus,
903 1481 1054 1548 Orestem
1087 1485 1184 1568 patris
1216 1485 1348 1550 caedem
1378 1509 1451 1552 esse
1480 1487 1634 1563 ulturum,
1665 1488 1699 1552 id
1730 1499 1922 1574 argumento
1953 1501 2003 1556 est

371 1589 584 1679 Choephoris.
634 1595 779 1680 Apollini
800 1593 1008 1679 gravissimas
1032 1591 1190 1656 minitanti
1213 1615 1332 1677 poenas
1353 1596 1527 1660 obsecutus
1552 1592 1686 1662 Orestes
1709 1597 1819 1682 Argos
1840 1599 1937 1675 venit,
1965 1609 2003 1664 ut

369 1702 499 1767 tandem
521 1725 580 1788 pro
601 1717 692 1790 patre
717 1715 840 1790 repetat
861 1721 996 1787 poenas;
1031 1699 1228 1786 Aegisthum
1260 1701 1334 1766 dolo
1358 1704 1389 1766 in
1413 1704 1536 1788 regiam
1563 1706 1702 1770 accitum
1725 1705 1859 1783 occidit,
1883 1705 2003 1771 deinde

368 1821 505 1876 matrem
530 1813 652 1877 frustra
672 1823 855 1876 monentem
879 1814 926 1896 (ν.
949 1811 1041 1890 911):

674 1922 744 2004 ὅρα,
767 1919 901 2002 φύλαξαι
924 1920 1037 2001 μητρὸς
1060 1915 1204 1999 ἐγκότους
1225 1919 1327 1986 κύνας.

368 2025 465 2092 Ιοὶιίο
488 2028 620 2112 quidem
635 2051 769 2094 narrans
791 2026 926 2090 scelesta
941 2025 1196 2110 Agamemnonis
1218 2040 1248 2090 et
1267 2023 1544 2110 Clytaemnestrac
1569 2029 1712 2094 facinora
1731 2030 1801 2096 iure
1824 2053 1879 2096 eos
1901 2031 2002 2096 inter·

368 2137 467 2201 tectos
487 2159 559 2202 esec
583 2137 759 2224 gloriatum
782 2135 879 2220 paulo
902 2146 974 2220 post
997 2147 1104 2198 autem
1128 2134 1270 2198 animum
1290 2133 1413 2200 turbari
1438 2136 1548 2200 sentit:
1570 2141 1616 2216 (ν.
1643 2141 1740 2220 1017)

674 2245 744 2308 ἀλλ’
770 2248 812 2312 ὡς
836 2243 871 2306 ἂν
894 2243 1002 2326 εἰδῆτ’,
1026 2244 1140 2328 οὐγὰρ
1166 2243 1219 2306 οἷδ’
1245 2243 1306 2327 ὅπῃ
1330 2247 1422 2316 τελεῖ,

680 2355 784 2435 ὥσπερ
807 2352 856 2421 ξὺν
880 2351 982 2419 ἵπποις
1004 2351 1210 2435 ἠνιοατρέφον
1232 2352 1350 2435 δρόμου

676 2459 818 2542 ἐξωτέρω
845 2459 975 2543 φέρουσι
997 2459 1053 2544 γὰρ
1078 2462 1247 2542 νικώμενον

674 2567 785 2649 φρένες
805 2567 979 2650 δύσαρκτοι.

370 2677 438 2742 Iam
461 2675 664 2742 Eumenides
688 2677 778 2761 ipsas
801 2675 912 2740 videre
935 2675 998 2740 sibi
1021 2676 1151 2741 videtur
1169 2681 1217 2762 (ν.
1243 2679 1339 2757 1045)

675 2790 764 2846 ποῖαι
785 2790 927 2865 γυναῖκες
949 2784 1017 2848 alde
1041 2785 1203 2870 Γοργόνων
1227 2786 1312 2869 δίκην

677 2893 883 2976 φαιοχίτωνες
904 2895 955 2956 καὶ
977 2893 1264 2976 πεπλεκτανημέναι

673 3003 798 3067 πυκνοῖς
821 2997 1006 3082 δράκουσιν;
1040 3001 1096 3064 οὐκ
1119 3000 1160 3064 ἔτ’
1181 3002 1217 3064 ἂν
1243 3001 1377 3085 μείναιμ’
1401 3002 1472 3084 ἐγώ.

370 3111 515 3199 Delphos
533 3111 634 3197 igitur
658 3107 818 3196 proficisci
842 3109 1008 3175 constituit
1022 3110 1207 3195 Apollinem
1227 3123 1263 3174 ut
1286 3133 1321 3174 se
1344 3112 1451 3196 expiet
1473 3111 1713 3196 imploraturus.
1756 3111 1800 3175 Et
1816 3113 1919 3178 solum
1939 3115 1999 3179 hoo

371 3235 419 3288 est
439 3221 603 3305 refugium
630 3243 660 3283 v.
685 3219 784 3284 1056:

676 3328 720 3396 εἷς
743 3349 792 3388 οοι
814 3325 992 3410 καθαρμός·
1016 3326 1127 3396 Λοξίου
1150 3327 1184 3388 δὲ
1204 3331 1387 3410 προςθιγών,

677 3433 842 3516 ἐλεύθερόν
867 3459 901 3498 οε
927 3436 1025 3497 τῶνδε
1046 3436 1196 3516 πημάτων
1223 3437 1326 3497 κτίσει.

496 3545 684 3632 Sequuntur
715 3543 932 3618 Eumenides,
964 3565 1046 3627 quae
1075 3543 1185 3608 fabula
1214 3543 1373 3608 artissime
1403 3565 1476 3607 curn
1504 3541 1706 3631 Cboephoris
1740 3559 1788 3611 est
1816 3545 1998 3612 coniuncta.

371 3655 500 3722 Etenim
518 3653 654 3720 Orestes
676 3652 716 3717 ab
731 3652 882 3737 Apolline
897 3651 1055 3736 expiatus,
1079 3664 1115 3715 ut
1130 3651 1266 3716 aronis
1283 3649 1446 3728 liberetur,
1469 3653 1614 3718 Athenas
1636 3677 1669 3720 se
1694 3659 1838 3720 conferre
1857 3655 1998 3721 iubetur.

370 3766 420 3832 Ibi
444 3763 484 3829 ab
508 3785 670 3849 areopago
692 3785 711 3826 a
729 3761 879 3824 Minerva
897 3760 1043 3825 instituto
1066 3759 1128 3825 dea
1148 3760 1220 3845 ipsa
1241 3759 1390 3845 praeside
1411 3759 1600 3836 absolvitur,
1622 3763 1740 3828 Furiae
1761 3764 1939 3848 placantur.

496 3871 704 3958 Quamquam
718 3870 908 3934 brevissime
924 3891 985 3942 res,
1007 3891 1090 3952 quae
1104 3869 1136 3932 in
1151 3867 1254 3933 tribus
1269 3883 1410 3954 aguntur
1422 3871 1609 3956 tragoediis,
1628 3872 1773 3958 exposui,
1790 3873 1999 3958 perspicuum

370 3995 474 4048 tamen
503 3982 580 4046 inde
607 3982 676 4046 fieri
709 4002 804 4064 posse
828 4001 935 4064 spero,
967 4000 1063 4062 quam
1084 3991 1152 4042 arto
1175 3977 1306 4044 vinculo
1329 3979 1414 4044 inter
1445 4001 1479 4043 se
1504 3981 1566 4043 sint
1589 3979 1767 4066 colligatae.
1811 3981 1878 4046 Fac
1901 4003 1997 4045 unam

371 4089 467 4154 modo
498 4113 538 4155 ex
561 4091 665 4156 tribus
688 4103 846 4154 servatam
867 4109 939 4151 esse
961 4085 1161 4170 tragoediam
1183 4099 1214 4149 et
1238 4109 1279 4150 ne
1300 4087 1436 4153 verbum
1464 4087 1596 4172 quidem
1623 4087 1664 4152 de
1695 4088 1826 4173 reliquis
1849 4090 1998 4174 trilogiae

370 4197 490 4264 fabulis
520 4199 613 4264 nobis
642 4219 714 4263 esse
737 4194 904 4259 traditum:
934 4217 1040 4260 nonne
1067 4193 1233 4278 permultis
1255 4195 1335 4260 locis
1355 4207 1462 4282 posset
1484 4195 1698 4262 demonstrari
1722 4197 1782 4262 hac
1803 4220 1867 4261 una
1887 4195 1998 4262 fabula

373 4308 531 4372 actionem
553 4307 696 4371 nondum
721 4327 792 4370 esse
816 4301 1019 4368 absolutam?
1053 4302 1168 4367 Nonne
1196 4304 1328 4368 alteram
1355 4317 1412 4368 aut
1445 4319 1587 4368 secutam
1609 4327 1681 4370 esse
1704 4317 1759 4368 aut
1781 4306 1997 4390 praecessisse

370 4414 570 4499 tragoediam
594 4414 686 4478 multi
709 4435 769 4478 nos
792 4413 946 4478 docerent
966 4411 1103 4476 versus?
1149 4409 1243 4492 Quae
1268 4413 1295 4478 si
1316 4412 1577 4490 consideramus,
1608 4414 1678 4478 iure
1708 4411 1939 4478 concludemus
1967 4425 1998 4480 et

367 4521 400 4585 in
422 4523 493 4586 aliis
517 4521 671 4607 Aeschyli
694 4522 870 4607 tragoediis
894 4521 1033 4606 vestigia
1054 4521 1191 4585 inveniri
1219 4541 1352 4586 necesse
1381 4543 1470 4596 esse,
1501 4523 1619 4606 quibus
1648 4523 1690 4587 ad
1712 4523 1894 4606 argumenti
1921 4545 1996 4608 pcr-

367 4630 566 4714 petnitatem,
591 4632 703 4716 siqua
725 4631 827 4695 inerat
849 4630 1039 4714 intrilogia,
1064 4628 1324 4714 cognoscendam
1348 4628 1516 4694 ducamur.
1559 4629 1668 4714 ltaque
1693 4631 1726 4694 in
1745 4630 1887 4716 reliquie,
1911 4654 1993 4716 quas

367 4737 445 4804 mihi
467 4740 706 4824 perlustrandas
728 4740 882 4824 proposui
905 4737 1061 4824 trilogias,
1084 4738 1118 4803 id
1142 4761 1268 4824 semper
1288 4739 1352 4824 egi,
1378 4743 1412 4805 ul
1438 4740 1652 4824 explanarem,
1675 4739 1855 4824 numquid
1880 4739 1921 4805 de
1944 4763 1996 4804 ar·

1780 4857 1797 4911 2
