4644 5778
599 813 683 888 ciui,
707 811 965 894 πικρογλώσσους
987 806 1074 891 ἀράς,

602 919 655 982 καί
675 941 735 1002 σφε
761 917 962 1002 σιδαρονόμῳ

607 1029 658 1092 δία
681 1027 753 1112 χερί
777 1048 854 1088 ποτε
877 1029 984 1110 λαχεῖν

606 1138 764 1218 κτήματα·
788 1138 841 1196 νῦν
868 1133 904 1196 δὲ
926 1131 1018 1216 τρέω,

608 1245 649 1328 μὴ
674 1243 787 1327 τελέσῃ
816 1241 992 1326 καμψίπους
1013 1237 1140 1328 Ἐρινύς.

429 1367 555 1434 Effodit
576 1369 681 1453 igitur
713 1366 865 1454 Oedipus
896 1367 957 1430 sibi
986 1367 1116 1443 oeulos,
1146 1367 1203 1432 ubi
1234 1367 1432 1432 connubium
1463 1369 1623 1432 nel'astum
1653 1366 1822 1451 comperit;
1860 1365 1935 1430 filiis

301 1489 409 1542 autem
437 1477 524 1543 diras
556 1478 799 1543 obsecrationes
838 1489 886 1539 est
913 1476 1107 1559 imprecatus
1138 1476 1297 1544 ἐπικότους
1317 1480 1449 1562 τροφᾶς,
1480 1475 1568 1558 quod
1596 1497 1668 1538 cum
1698 1472 1874 1539 Schuetzio
1904 1489 1937 1539 et

304 1582 495 1650 Hermanno
527 1586 755 1671 explicandum
782 1598 846 1648 est:
884 1584 946 1660 ira,
979 1583 1067 1667 quod
1097 1585 1180 1649 filios
1211 1586 1332 1650 inceste
1355 1604 1565 1670 procreasset,
1597 1593 1763 1666 correptus
1785 1581 1935 1671 Oedipus

302 1709 435 1758 mutuae
459 1715 515 1758 eos
539 1694 672 1759 devovit
695 1693 798 1758 caedi.
837 1692 906 1757 Alii
927 1698 1042 1777 τροφᾶς
1063 1693 1104 1758 ad
1130 1693 1249 1756 victum
1269 1693 1430 1778 pertinere
1450 1689 1680 1776 Oedipumque
1702 1691 1785 1755 filios
1803 1708 1936 1778 propter

303 1800 425 1865 laesam
448 1803 604 1887 pietatem
623 1839 664 1851 —
690 1803 760 1866 sive
782 1806 899 1885 τροφᾶς
921 1801 963 1865 de
985 1823 1066 1865 coxa
1088 1801 1118 1865 ei
1140 1803 1296 1887 apposita,
1323 1802 1391 1866 sive
1409 1803 1448 1866 de
1467 1823 1566 1876 more,
1590 1822 1654 1886 quo
1673 1798 1785 1864 sfiliis
1807 1800 1936 1866 habitus

302 1909 344 1972 sit
366 1909 433 1974 dici
456 1903 562 1976 mavis
587 1947 628 1958 —
653 1909 830 1974 devovisse
852 1908 995 1974 arbitrati
1018 1912 1273 1975 occaecationem
1296 1923 1328 1974 et
1347 1911 1487 1974 filiorum
1507 1909 1770 1995 imprecationem
1793 1909 1826 1972 in
1847 1909 1934 1973 idem

301 2028 429 2102 tempus
452 2000 568 2082 cadere
590 2037 805 2104 negaverunt.
851 2020 897 2082 At
927 2019 1016 2082 chori
1043 2017 1142 2083 verba
1173 2021 1322 2103 δίδυμα
1352 2019 1416 2081 κάκ’
1438 2019 1579 2081 ἐτέλεσεν
1604 2013 1788 2102 Oedipodis
1809 2018 1935 2081 lacinus

299 2125 334 2189 in
359 2149 394 2190 se
420 2127 627 2192 commissum
649 2143 681 2191 et
704 2126 949 2192 obsecrationes
969 2127 1002 2190 in
1024 2125 1108 2191 filios
1131 2127 1227 2191 simul
1251 2149 1323 2192 esse
1345 2129 1431 2191 lacta
1453 2126 1686 2190 demonstrant.

427 2236 497 2300 Iam
519 2236 638 2312 babes,
672 2257 755 2319 quae
789 2236 956 2300 stasimum
985 2235 1164 2300 secundum
1193 2237 1234 2300 de
1257 2236 1329 2300 Laii
1354 2233 1604 2320 Oedipodisque
1627 2233 1811 2299 fabularum
1833 2255 1932 2319 argu·

304 2356 493 2408 mentones
517 2344 621 2408 docet.
665 2343 845 2408 Accedunt
865 2343 941 2408 alia:
983 2341 1068 2407 Cum
1098 2345 1264 2428 Antigona
1295 2345 1442 2409 umbram
1465 2345 1566 2428 patris
1591 2343 1747 2428 appellet:
1777 2342 1885 2407 πόινιοὶ
1910 2367 1926 2406 τ

304 2447 433 2514 Οἰδίπου
463 2455 530 2515 σκιά
563 2457 608 2536 (v.
633 2454 711 2531 954)
720 2499 729 2528 ,
770 2449 937 2536 Oedipum
965 2453 1028 2516 iam
1059 2451 1126 2516 vita
1153 2451 1334 2517 decessisse
1361 2454 1432 2516 iure
1462 2451 1623 2516 affirmare
1650 2451 1744 2516 nobis
1774 2451 1934 2527 videmur,

302 2579 496 2642 quamquam
511 2559 707 2624 Welckerus
728 2563 812 2622 σκιάν
833 2559 958 2624 nonde
978 2559 1127 2624 manibus
1147 2562 1258 2644 patris,
1282 2561 1340 2624 sed
1361 2561 1401 2626 de
1420 2559 1563 2644 imagine
1582 2559 1690 2624 adhuc
1711 2559 1850 2624 viventis
1871 2558 1933 2622 fili-

303 2689 393 2732 arum
416 2668 531 2734 animis
560 2668 752 2732 obversante
784 2667 907 2732 dictum
930 2691 1001 2734 esse
1024 2669 1125 2732 voluit
1141 2671 1191 2750 ⁹⁹).
1234 2667 1341 2751 Quam
1375 2667 1644 2755 significationem
1674 2669 1708 2732 in
1737 2668 1837 2733 verbo
1866 2671 1934 2730 σκιά

301 2775 409 2840 inesse
432 2797 526 2860 posse
549 2799 613 2841 non
634 2789 733 2862 put03
768 2789 853 2841 certe
875 2799 938 2841 non
959 2776 1195 2862 comparandus
1218 2787 1268 2841 est
1289 2800 1404 2843 versus
1426 2779 1485 2846 301
1507 2777 1633 2841 Aiacis:
1664 2782 1733 2861 σκιᾷ
1750 2799 1805 2839 τινι
1822 2777 1934 2859 λόγους

304 2884 424 2947 ἀνέστιοι
435 2885 486 2962 ³⁰).

431 2992 561 3057 Deinde
585 2993 612 3057 si
629 2993 759 3056 initium
779 2993 907 3059 fabulae
928 2993 1227 3080 contemplabimur,
1250 2993 1282 3056 in
1305 2992 1411 3078 priore
1433 3015 1561 3068 causas,
1584 3015 1643 3057 cur
1661 2993 1779 3080 Argivi
1802 2995 1935 3079 expedi-

303 3102 424 3165 tionem
444 3103 657 3187 paravissent,
676 3102 697 3166 i.
713 3124 740 3166 e.
761 3103 895 3166 fratrum
914 3102 1002 3166 litem
1021 3102 1250 3186 Polynicisque
1270 3103 1467 3166 exactionem
1487 3100 1648 3188 expositas
1667 3123 1816 3165 essenon
1836 3125 1936 3188 nega·

304 3208 422 3274 bimus.
462 3211 613 3294 Denique
639 3225 686 3288 ut,
711 3210 877 3295 quomodo
900 3211 979 3275 haec
1000 3211 1085 3273 inter
1105 3210 1187 3274 duas
1209 3209 1336 3274 fabulas
1359 3209 1520 3295 disposita
1542 3210 1673 3287 luerint,
1704 3211 1861 3288 dicamus,
1889 3213 1936 3276 sic

305 3318 510 3382 statuendum
533 3318 627 3384 nobis
650 3320 783 3384 videtur
805 3320 846 3384 de
868 3318 968 3384 Laio=
992 3320 1093 3405 primo
1114 3319 1229 3382 caedes
1249 3317 1336 3402 regis
1357 3331 1517 3393 narratur,
1539 3318 1657 3382 deinde
1679 3316 1829 3404 Oedipus
1848 3319 1936 3385 The-

304 3424 363 3489 bas
388 3425 519 3491 veniens
542 3425 699 3512 Sphingis
722 3429 873 3513 aenigma
897 3429 1002 3503 solvit,
1024 3441 1186 3512 postremo
1209 3449 1284 3490 cum
1304 3426 1430 3490 Iocaste
1451 3427 1581 3512 nuptias
1601 3427 1750 3492 celebrat.
1783 3429 1936 3513 Longum

305 3535 458 3620 temporis
481 3536 621 3620 spatium
641 3537 727 3600 inter
752 3535 918 3623 Oedipum
940 3536 1123 3620 Laiumque
1144 3535 1347 3600 interiectum
1371 3545 1437 3610 est;
1472 3557 1577 3618 neque
1609 3537 1694 3600 enim
1724 3535 1798 3600 filiis
1825 3537 1936 3621 pueris

306 3639 456 3727 Oedipus
480 3645 586 3708 scelus
610 3667 705 3710 suum
729 3645 865 3730 detegit,
889 3643 948 3708 sed
970 3643 1090 3708 adultis
1108 3643 1166 3720 iis;
1200 3643 1286 3727 quod
1308 3644 1335 3706 si
1355 3645 1399 3708 ita
1421 3665 1492 3708 esse
1515 3665 1725 3727 negaremus,
1755 3645 1936 3709 conceden-

306 3749 384 3814 dum
404 3767 488 3816 esset
507 3752 591 3816 intra
610 3753 747 3818 eandem
768 3753 913 3818 fabulam
932 3753 1048 3818 fratres
1068 3751 1261 3828 adolevisse,
1281 3752 1370 3836 quod
1390 3753 1511 3818 nemini
1533 3775 1612 3818 sano
1632 3753 1664 3816 in
1679 3765 1816 3818 mentem
1831 3765 1936 3839 potest

307 3859 427 3923 venire.
472 3856 557 3925 Cum
580 3884 657 3926 vero
688 3885 706 3925 e
738 3861 845 3926 tribus
876 3861 970 3946 quasi
999 3860 1122 3924 actibus
1149 3881 1362 3944 unaquaeque
1398 3861 1556 3946 Aeschyli
1591 3862 1759 3947 tragoedia
1789 3877 1936 3927 constare

308 3965 439 4043 soleret,
476 3989 585 4034 rerum
610 3970 690 4034 ordo
713 3972 746 4060 ip
774 3969 947 4055 Oedipode
975 3968 1027 4035 hic
1049 3972 1186 4034 fortasse
1207 3969 1286 4032 fuit:
1324 3991 1379 4032 rex
1410 3969 1451 4032 de
1474 3970 1651 4036 sceleribus
1675 3972 1744 4036 suis
1767 3971 1936 4046 edocetur3

307 4189 333 4240 et
353 4187 564 4256 comparativum
589 4188 717 4258 κρείσσων
744 4187 896 4257 significare
930 4186 1044 4242 'melius
1068 4185 1156 4241 officia
1179 4184 1335 4240 observans'
1360 4185 1496 4242 affirmare
1523 4205 1575 4243 non
1604 4189 1704 4254 ausim,
1731 4205 1791 4243 cum
1814 4188 1936 4257 componi

309 4294 386 4350 posse
404 4280 511 4334 omnino
531 4279 581 4334 hoc
605 4281 715 4337 verbum
739 4281 784 4334 vix
805 4279 921 4336 credam.
952 4277 1150 4350 Κυρσοτίκνων,
1171 4277 1243 4348 quod
1258 4277 1426 4334 Hermanous
1448 4280 1506 4350 ipsc
1525 4282 1564 4335 sie
1582 4280 1736 4350 explicavit:
1759 4279 1890 4350 ,privavit
1909 4296 1937 4334 se

310 4371 405 4438 oculis,
425 4372 470 4442 qui
489 4371 581 4428 liberis
601 4374 740 4429 occursuri
760 4378 862 4440 e1·ant“‚
882 4372 949 4427 nihil
967 4371 1048 4426 habet
1064 4370 1247 4426 dubitationis.

414 4465 445 4531 ²⁹)
471 4465 606 4520 Welcler:
641 4465 779 4537 Nachtrag
804 4484 852 4522 zur
869 4463 1076 4535 Aeschylischcn
1096 4461 1213 4532 Trilogie
1232 4461 1413 4518 Prometheus.
1447 4462 1595 4518 Franlrfurt
1614 4463 1685 4531 alhl.
1718 4463 1794 4521 1826.
1828 4482 1853 4536 ρ.
1874 4465 1937 4519 158ε

310 4555 380 4622 ,Der
398 4557 538 4612 Ausdruck
560 4558 686 4613 Schatten
707 4559 774 4614 wird
804 4576 875 4614 zuar
897 4557 1019 4628 he'uliger
1038 4573 1088 4612 ron
1109 4555 1160 4610 den
1180 4555 1288 4611 Bildam
1310 4556 1358 4612 dar
1376 4555 1462 4612 'l'oten
1484 4556 1648 4625 gebraucht:
1673 4555 1753 4612 allsin
1774 4573 1803 4612 os
1823 4557 1888 4627 liegt
1910 4557 1936 4612 in

308 4647 356 4704 der
369 4649 455 4705 Natur
475 4649 629 4716 derSache‚
644 4649 704 4706 dala
724 4669 753 4707 er
768 4651 837 4706 auch
850 4649 1155 4721 geisterunntiche
1172 4649 1455 4719 Erecheinungeu
1473 4647 1652 4705 bebeoder
1667 4650 1824 4705 bezeichnen
1839 4651 1935 4706 kann.“

412 4743 444 4809 ³⁰)
469 4741 543 4811 Vide,
563 4759 632 4815 qnae
650 4743 849 4798 adnotaverunt
865 4742 1034 4799 Hermannus
1052 4746 1078 4798 et
1097 4741 1232 4796 Nauckins
1252 4743 1286 4798 ad
1308 4743 1334 4798 h.
1354 4761 1376 4798 v.
