4644 5778
670 786 878 872 χρηστηρίοις,
902 786 1073 850 tedonem
1096 785 1181 868 γένηΙ

555 897 632 964 73οε
672 918 726 964 νας
746 893 818 978 ἄτερ
841 896 950 967 σώζειν
972 892 1071 958 πόλιν.

671 1002 834 1088 κρατηθεὶς
857 1003 884 1064 δ’
907 1003 941 1066 ἐκ
965 1003 1064 1086 odos
1089 1001 1250 1086 ἀβσυλίαις

671 1111 807 1194 ἐγείνατο
831 1111 886 1193 μὲν
909 1108 1005 1193 μόρον
1030 1091 1146 1195 αὑτῷ,-

669 1218 876 1303 πατροκτόνον
901 1213 1082 1294 Οἰδιπόδαν,

670 1328 741 1391 ὅστε
767 1327 932 1408 ματρὸςίῑ)
956 1325 1049 1406 ἁγνὰν

554 1440 632 1504 735:
672 1437 798 1519 σπείρας
820 1434 967 1518 ἄρουραν,
990 1432 1027 1494 ἵν’
1050 1433 1179 1519 ἐτράφη,

674 1547 758 1632 ῥίζαν
783 1541 990 1626 αἱματόεσσαν

673 1651 762 1716 ἔτλα·
785 1651 939 1734 παράνοια
963 1655 1074 1732 συνᾶγε

670 1759 821 1844 νυμφίους
845 1760 1025 1842 φρενώλεις.

494 1903 625 1972 Chorus
643 1904 745 1989 igitur
765 1923 839 1966 cum
863 1898 1000 1974 Eteocli,
1019 1921 1060 1963 no
1082 1922 1155 1964 cum
1175 1901 1273 1964 fratre
1293 1901 1489 1987 confligeret,
1522 1899 1716 1986 persuadere
1737 1899 1856 1966 frustra
1876 1901 1917 1965 sit
1937 1923 1992 1966 cc·

371 2027 476 2092 nctus,
500 2016 563 2080 iem
584 2015 697 2078 adesso
721 2011 820 2074 letum
842 2007 922 2072 illud
943 2005 1205 2074 Labdaciderum
1228 2009 1337 2074 domui
1360 2009 1486 2073 dudum
1508 2009 1678 2072 imminens
1701 2009 1858 2094 intellegit
1880 2010 1993 2075 memi-

372 2125 481 2209 nitque
503 2122 578 2187 Laii
599 2119 846 2206 Oedipodisque
867 2116 1035 2180 sactorum.
1071 2115 1172 2181 Laius
1194 2129 1242 2182 ter
1265 2116 1305 2182 ab
1328 2117 1479 2204 Apolline
1499 2117 1682 2181 admonitus
1705 2139 1756 2192 ue,
1780 2139 1852 2182 cum
1874 2141 1993 2204 proge-

367 2232 452 2296 niem
468 2243 660 2316 procrearet,
681 2237 837 2293 everteret
853 2224 978 2300 urbem,
999 2235 1104 2288 temen
1127 2225 1161 2288 ἐκ
1182 2227 1280 2310 φιλων
1298 2226 1458 2310 ἀβυυλίαις
1478 2223 1651 2300 adductus,
1672 2225 1790 2290 oblitus
1806 2237 1855 2290 est
1869 2226 1992 2312 pythici

369 2339 499 2407 oraculi.
544 2337 611 2402 Ter
633 2337 724 2402 dedit
745 2335 910 2400 oraculum
932 2332 1061 2418 Apollo.
1107 2333 1226 2400 Emtne
1249 2355 1377 2418 semper
1396 2333 1493 2410 idem,
1525 2356 1565 2396 en
1588 2355 1691 2396 unum
1712 2333 1813 2398 eltero
1836 2334 1992 2420 gravius?

369 2448 443 2512 Hoc
464 2446 609 2510 Krusius
633 2445 832 2522 credidit⁹²)‚
854 2464 969 2527 perum
990 2453 1086 2518 recte,
1110 2442 1232 2526 opinor.
1274 2441 1326 2506 Ex
1348 2440 1426 2526 ipsis
1450 2441 1535 2505 enim
1557 2440 1713 2526 Aeschyli
1737 2441 1845 2506 verbis
1868 2453 1992 2508 tentum

369 2556 469 2632 obest,
486 2568 521 2619 ut
538 2555 598 2618 hoc
620 2563 843 2635 consequetur,
866 2563 902 2613 ut
923 2571 962 2612 ne
982 2571 1077 2634 posse
1100 2549 1231 2633 quidem
1254 2571 1293 2613 ex
1316 2549 1357 2613 iis
1378 2548 1480 2625 effici,
1508 2549 1594 2632 quod
1617 2549 1760 2615 Krusius
1781 2551 1894 2626 voluit,
1915 2574 1992 2616 con-

368 2665 499 2729 tendere
522 2663 670 2727 sudeam.
715 2665 828 2744 Neque
855 2657 940 2723 enim
963 2657 1041 2722 tria
1062 2657 1288 2743 pronuntiasse
1312 2657 1442 2722 oraculo
1466 2657 1652 2743 Apollinem
1675 2657 1752 2722 dicit
1776 2659 1903 2736 chorus,
1932 2660 1990 2725 sed

369 2785 431 2836 ter
451 2771 485 2836 id
506 2769 547 2835 ab
568 2793 607 2835 eo
630 2771 741 2835 dotum
764 2791 834 2834 esse
856 2766 1033 2841 oraculum,
1064 2765 1181 2830 Laium
1204 2765 1272 2828 sine
1294 2764 1383 2849 prole
1405 2765 1593 2830 morientem
1616 2764 1728 2830 urbem
1752 2789 1824 2832 esse
1845 2779 1992 2834 servetu-

369 2903 451 2946 rum.
482 2879 596 2963 Itaque
618 2891 754 2962 utroque
776 2876 905 2941 oraculo
927 2875 1014 2938 idem
1037 2873 1244 2939 vaticinatum
1268 2893 1339 2936 esse
1361 2872 1458 2936 deum
1480 2884 1621 2959 apparet.
1666 2873 1796 2938 Deinde
1821 2875 1862 2940 de
1885 2877 1992 2942 verbis

369 2988 404 3052 ἐκ
423 2987 520 3074 φίλων
540 2987 701 3072 dilectior<
714 2985 944 3049 dubitaverunt
960 2983 1022 3048 viri
1041 2984 1137 3048 docti.
1163 2982 1340 3048 Schtttzius
1352 2981 1485 3066 quidem
1505 2983 1708 3048 consentiens
1722 3005 1796 3048 cum
1814 2984 1993 3050 recentiore

371 3095 540 3161 scholiasta
573 3097 620 3176 (ν.
642 3093 792 3160 Diodori.
817 3093 868 3156 ed.
891 3092 996 3158 Schol.
1026 3116 1057 3155 ν.
1079 3090 1157 3176 745)
1187 3090 1286 3156 verbe
1313 3092 1358 3156 sic
1387 3091 1629 3176 interpretante:
1672 3091 1706 3154 ἐκ
1738 3093 1836 3176 φίλων
1865 3095 1992 3178 νοητέυν

370 3205 434 3267 ἀντὶ
452 3209 511 3266 τῶν
535 3209 700 3285 συγγενῶν,
722 3203 767 3269 οἷς
787 3203 1030 3264 συνεκυινώσατσ
1052 3203 1103 3264 τὸν
1123 3198 1274 3284 χρησμόν,
1297 3198 1490 3264 haecdicit:
1515 3198 1652 3282 „Loium
1670 3199 1847 3268 amicorum
1867 3203 1992 3268 stolidis

371 3311 512 3376 consiliis
535 3311 657 3375 victum
680 3331 751 3374 esse
773 3307 882 3392 lingit,
916 3319 951 3370 nt
981 3307 1110 3372 tandem
1139 3307 1254 3372 liberos
1285 3329 1455 3393 procreare
1484 3308 1594 3372 utilius
1619 3305 1681 3373 sibi
1701 3323 1863 3386 censeret,
1896 3334 1993 3398 quem

368 3419 498 3484 oraculo
518 3429 659 3504 perere.“
705 3419 828 3482 Eadem
858 3419 923 3480 lere
955 3428 1023 3480 oret
1043 3411 1294 3480 Schneidewinii
1318 3416 1489 3492 sententie,
1523 3439 1619 3500 quem
1640 3420 1790 3502 exposuit
1814 3420 1846 3483 in
1883 3419 1993 3486 Philo-

369 3527 512 3612 logo‘²³).
558 3528 766 3592 Hermannus
786 3547 863 3590 vero
885 3524 964 3588 haec
987 3525 1026 3588 de
1049 3544 1150 3587 uxore
1173 3523 1258 3588 dicte
1280 3546 1351 3588 esse
1374 3535 1482 3588 censet
1504 3539 1536 3589 et
1558 3527 1606 3590 sic
1627 3525 1726 3590 verbe
1748 3527 1992 3611 interpretetur:

373 3659 448 3722 ,per
476 3636 586 3702 uxoris
617 3657 758 3700 amorem
788 3655 940 3719 perverso
971 3632 1106 3696 consilio
1134 3631 1304 3696 irretitus.“
1359 3631 1453 3714 Ques
1483 3634 1652 3724 explicatio
1683 3635 1746 3700 iem
1773 3659 1793 3700 ε
1821 3636 1995 3704 scholieste

371 3747 449 3828 (ἀντὶ
467 3749 522 3807 τσῦ
543 3749 596 3826 τῆς
609 3745 766 3826 γυναικός)
784 3741 907 3829 prolata
925 3753 984 3806 est.
1018 3740 1156 3805 Assensi
1176 3751 1252 3804 sunt
1267 3739 1530 3823 Schmidtiusfl),
1545 3743 1701 3818 Krusius,
1720 3743 1990 3828 Susemihlius⁹⁵).

371 3853 415 3919 Et
436 3853 506 3917 iure
529 3853 576 3918 sic
598 3853 708 3918 statuit
730 3851 951 3927 Hermennus3
974 3872 1079 3935 neque
1102 3848 1188 3916 enim
1209 3850 1381 3934 quicquam
1402 3849 1443 3912 de
1465 3851 1514 3914 his
1534 3851 1708 3916 amicorum
1730 3853 1872 3919 consiliis
1893 3855 1994 3920 tredi-

371 3973 439 4026 tum
459 3975 526 4038 est,
557 3983 617 4026 nec
647 3961 747 4024 verbe
771 3959 844 4044 ipse
863 3957 947 4022 hanc
968 3958 1260 4044 interpretetionem
1283 3958 1461 4044 postulent,
1491 3981 1567 4024 cum
1588 3961 1625 4024 τὰ
1647 3961 1723 4044 pria
1744 3961 1785 4026 de
1807 3960 1993 4028 hominibus

438 4299 442 4308 Δ
473 4229 504 4291 Ἡ)
531 4227 601 4296 Quin
622 4227 672 4282 hcc
693 4229 719 4282 in
738 4243 816 4283 versu
835 4227 931 4299 ματρὸς
949 4243 982 4282 ex
1001 4225 1058 4286 cod.
1082 4224 1172 4282 Medic.
1192 4226 1385 4282 restituendum
1405 4229 1447 4293 sit,
1468 4227 1585 4282 dubieri
1605 4245 1656 4284 non
1675 4232 1767 4299 potest.

475 4321 507 4387 ”)
532 4319 631 4374 Kruse:
661 4320 695 4375 de
713 4319 837 4391 Aeschyli
858 4318 1019 4390 Oedipodes
1047 4317 1243 4389 Gryphiswald.
1263 4321 1338 4375 1855.

475 4415 505 4480 ²²)
532 4411 627 4468 Philol.
646 4413 689 4470 lli.
712 4431 737 4483 ρ.
755 4413 813 4466 350.
850 4411 946 4466 Postea
970 4411 1120 4480 (Gottinger
1138 4411 1256 4480 gelehrte
1275 4411 1406 4480 Anzeigen
1429 4413 1493 4466 1856
1514 4411 1532 4466 1.
1554 4428 1573 4464 s.
1595 4412 1654 4476 174>
1673 4411 1724 4465 hac
1741 4411 1874 4466 sententie
1889 4411 1993 4468 obiecta

372 4523 427 4562 rem
448 4505 542 4562 eodem
560 4505 616 4562 lere
634 4505 713 4561 modo
733 4521 764 4560 ec
782 4505 950 4560 Hermennus
969 4503 1122 4575 explicavit.

475 4601 506 4665 Ν)
532 4597 667 4656 Schmidt:
697 4596 849 4653 zeitschritt
869 4596 911 4652 fir
928 4595 1257 4652 Altertumswissenscheit
1275 4597 1343 4651 rest
1361 4612 1386 4665 p.
1404 4596 1463 4650 398.

475 4693 506 4757 ²⁶)
533 4691 679 4748 Susemihl:
707 4689 794 4746 Jahns
812 4689 982 4745 Jahrbticher
1002 4691 1069 4746 1855
1088 4707 1114 4760 p.
1132 4689 1190 4744 750.
