4644 5778
1879 624 1930 704 29

434 861 529 928 Dans
558 865 589 929 le
618 886 714 930 cours
743 863 784 927 de
813 885 865 928 ces
892 863 1056 928 dernieres
1086 862 1204 928 enudas
1233 885 1274 927 on
1301 885 1320 925 a
1344 861 1508 928 dedouble
1534 864 1695 948 plusieurs
1723 865 1853 935 classes.
1903 867 1932 932 Π

307 947 409 1014 existe
442 949 640 1015 maintenant
671 949 758 1014 deux
789 948 946 1014 divisione
971 948 1137 1035 pamlleles
1170 947 1211 1012 de
1238 947 1417 1012 Troisieme
1448 947 1649 1034 supdrieure,
1683 949 1724 1014 de
1753 949 1932 1018 Troisieme

306 1031 490 1111 iniit-ienae,
517 1033 559 1100 de
591 1033 789 1116 Quatrieme,
812 1033 854 1098 de
877 1029 1067 1118 Cinquieme
1090 1045 1122 1098 et
1143 1033 1184 1098 de
1205 1029 1358 1098 Sixieme.
1393 1034 1442 1099 Le
1464 1054 1559 1098 coure
1584 1033 1625 1098 de
1647 1034 1791 1100 chacune
1814 1036 1855 1102 de
1879 1057 1932 1102 ces

307 1117 428 1184 classes
460 1131 510 1185 est
542 1119 621 1185 d'un
652 1143 712 1196 an;
753 1118 785 1182 la
815 1117 973 1204 premiere
1006 1117 1146 1183 division
1180 1139 1364 1184 commenoe
1399 1121 1419 1184 a
1445 1117 1591 1202 requei,
1627 1117 1658 1184 lo
1690 1120 1828 1185 seconde
1854 1124 1874 1186 a
1901 1122 1933 1187 la

307 1201 357 1268 St.
383 1203 516 1269 Michel.
559 1204 725 1290 Lorsque,
756 1205 776 1267 d
804 1202 836 1268 la
856 1201 900 1267 fin
924 1202 969 1268 du
989 1223 1099 1280 cours,
1122 1225 1167 1268 un
1190 1203 1279 1269 elevo
1305 1204 1389 1269 n'est
1406 1226 1465 1291 pas
1483 1202 1566 1290 juge
1595 1227 1631 1269 oa
1655 1203 1727 1271 able
1754 1206 1795 1271 de
1822 1229 1935 1294 passer

309 1288 391 1355 dans
413 1289 445 1353 la
467 1289 570 1356 classe
592 1289 789 1375 superieure
810 1287 835 1352 il
853 1304 942 1354 entre
964 1288 1045 1352 dans
1063 1289 1095 1352 la
1114 1287 1253 1354 division
1276 1288 1546 1376 correspondente
1568 1288 1609 1354 de
1632 1227 1662 1354 li
1684 1291 1786 1356 classe
1809 1294 1852 1356 oli
1870 1291 1894 1357 il
1916 1317 1935 1358 a

309 1373 359 1439 e'td
374 1375 583 1460 jusqu'alors.
608 1397 693 1462 pour
714 1378 781 1438 dtre
804 1374 866 1438 mis
893 1397 932 1438 en
956 1372 1107 1438 domeure
1131 1373 1231 1439 d'etre
1253 1396 1369 1460 promu
1390 1398 1432 1440 au
1456 1373 1536 1439 bout
1560 1374 1601 1440 de
1625 1377 1674 1440 six
1694 1375 1787 1441 mois.
1826 1377 1933 1460 (,‚Pa-

306 1460 519 1526 rallelelueeert
539 1464 597 1526 mit
626 1460 904 1540 wratislaviam).

1017 1621 1217 1632 ——-.--

1028 1795 1214 1882 lenitur.

806 1978 994 2062 Proseeaeur
1010 1979 1048 2042 de
1065 1978 1177 2042 clusae:
1206 1979 1236 2043 le
1253 1977 1434 2044 Directeur.

434 2175 461 2234 l.
508 2164 748 2233 RELIGION.
787 2167 822 2244 (2
847 2165 963 2228 heures
986 2163 1027 2228 de
1050 2163 1151 2230 classe
1175 2169 1229 2231 ‘ar
1250 2167 1416 2246 semaine.)
1458 2165 1661 2250 Explication
1685 2166 1726 2232 de
1747 2167 1870 2254 l’dpitre
1891 2169 1932 2234 de

308 2255 391 2319 saint
407 2253 491 2318 Paul
515 2275 579 2318 aux
601 2251 767 2317 Romains.
803 2245 909 2316 Cours
932 2246 1098 2314 d'histoire
1118 2189 1357 2336 ecelesiastique
1373 2251 1507 2337 jusqu'e
1529 2248 1688 2336 Gregoire
1710 2253 1759 2319 1⁸¹.
1790 2258 1932 2322 smemt

434 2363 465 2428 2.
510 2357 787 2426 ALLEMAND.
833 2359 869 2440 (3
901 2357 945 2441 h.)
981 2353 1231 2458 Compositions.
1276 2359 1434 2428 Disoours
1466 2361 1540 2426 faits
1573 2383 1613 2423 en
1645 2361 1747 2426 classe
1785 2385 1842 2427 sur
1874 2362 1932 2428 des

306 2468 467 2532 ouvrages
492 2446 544 2511 lus
565 2469 623 2595 gar
643 2445 690 2510 lea
713 2443 830 2509 eleves.
875 2440 983 2508 Cours
1004 2443 1169 2509 d’hrstoire
1191 2445 1230 2508 de
1252 2447 1284 2512 la
1305 2445 1414 2531 poesie
1427 2445 1609 2510 allemande
1624 2447 1757 2531 jusqu’a
1778 2447 1929 2534 Lessing.

305 2536 341 2616 (2
364 2534 413 2614 h.)
456 2532 564 2596 Premi
585 2553 634 2595 res
653 2529 781 2594 notions
805 2527 846 2591 de
866 2528 997 2614 logique
1020 2529 1160 2616 (d'apres
1182 2531 1213 2595 le
1227 2531 1354 2596 manuel
1376 2530 1417 2595 de
1432 2529 1722 2618 Trendelenburg:
1747 2532 1934 2608 ,Elementa

304 2619 427 2704 logices
449 2617 712 2695 Aristoteleae“).
752 2613 854 2697 (lh.)
897 2617 1044 2682 sunuel.

346 2771 352 2778 -
434 2729 463 2794 3.
507 2723 660 2790 LATIN.
705 2726 763 2811 (10
785 2723 832 2804 h.)
879 2719 1027 2800 Cicerom
1051 2727 1088 2788 de
1111 2727 1253 2804 Oratore,
1277 2727 1310 2802 1;
1334 2747 1507 2790 morceaux
1533 2725 1651 2789 choisis
1674 2725 1755 2790 dans
1775 2727 1806 2790 le
1829 2727 1932 2791 dem-

304 2813 388 2878 ieme
401 2812 482 2876 livre
489 2836 498 2887 ;
525 2813 649 2876 Lettree
666 2811 805 2874 ricimer.
849 2804 1008 2894 Senaque,
1030 2811 1152 2875 Lettrea
1171 2813 1314 2876 morulae
1358 2810 1461 2894 (311.)
1491 2808 1631 2884 Horace,
1655 2809 1817 2889 Carmina,
1838 2809 1867 2888 l,
1883 2811 1931 2889 11;

305 2899 469 2982 Epistolue
487 2897 514 2974 1,
538 2901 567 2971 1,
589 2897 620 2970 2,
644 2899 675 2970 6,
701 2895 845 2970 17-20;
877 2891 921 2970 ll,
946 2899 975 2970 1,
999 2897 1028 2970 2,
1051 2897 1086 2970 (3
1108 2894 1156 2977 h.)
1203 2893 1355 2961 Contrdle
1375 2895 1416 2960 de
1439 2894 1471 2959 la
1490 2893 1611 2958 lecture
1637 2894 1747 2979 prives
1768 2893 1932 2978 (Ciceron,

305 2985 343 3047 de
356 2983 500 3059 Finibus,
517 2981 577 3056 IV,
592 2978 641 3056 V3
656 2981 694 3042 de
711 2979 833 3062 Officiis
846 2978 903 3042 Iet
922 2977 953 3042 la
970 2979 1132 3043 moitiedu
1150 2979 1197 3044 ΙΙο
1219 2981 1326 3064 livre).
1348 2979 1483 3066 Apercu
1498 2979 1555 3044 dee
1569 2977 1759 3080 principuus
1774 2983 1932 3094 systemes

304 3067 566 3154 philosophiques
591 3065 632 3128 de
664 3064 854 3148 l'antiquitd.
899 3067 934 3144 (2
964 3064 1008 3147 h.)
1051 3063 1248 3130 Traduction
1277 3063 1362 3130 orale
1392 3065 1434 3130 de
1463 3085 1635 3130 monceaux
1662 3065 1739 3130 tures
1768 3066 1932 3132 deuteurs

304 3151 492 3218 allemands.
539 3149 691 3226 Thimea,
716 3150 950 3233 erumperetur,
975 3150 1213 3235 compositione.
1259 3153 1294 3236 (2
1317 3151 1364 3231 h.)
1407 3152 1592 3216 liemculels.

432 3265 462 3327 4.
507 3257 642 3326 euno.
692 3263 727 3339 (a
752 3259 799 3340 a.)
843 3257 999 3334 uomere,
1030 3259 1142 3336 Iliade,
1169 3260 1251 3336 xri,
1278 3261 1304 3338 1,
1332 3259 1375 3323 11.
1425 3257 1601 3344 Sophocle,
1626 3240 1758 3324 metae.
1805 3260 1931 3338 Platon,

304 3348 431 3424 Minora,
464 3348 584 3458 Oarion
627 3343 848 3445 (hammaim,
881 3346 1121 3492 erkinger-aliu·
1163 3344 1303 3412 Lecture
1330 3345 1458 3432 privde:
1496 3343 1580 3408 Huit
1609 3345 1705 3410 livres
1729 3345 1770 3410 de
1794 3345 1929 3412 l'Ilt'ude.

309 3435 444 3520 Aperou
469 3434 509 3496 de
532 3429 686 3494 lhrstorre
710 3428 768 3494 des
791 3442 856 3494 arte
878 3429 959 3494 dans
1002 3429 1165 3516 antiqurte.
1206 3435 1360 3498 Sclmtter.

436 3540 466 3606 5.
512 3536 753 3627 FRANCAIS.
799 3541 834 3621 (2
862 3537 909 3621 h.)
956 3533 1206 3624 Compositions.
1254 3539 1410 3607 Diaooure
1442 3539 1518 3604 faits
1546 3560 1586 3602 en
1617 3538 1729 3604 classe.
1770 3539 1933 3626 Analysee

308 3627 504 3712 d’ouvrages
535 3625 588 3690 lus
619 3648 679 3712 par
711 3622 758 3689 les
792 3623 907 3688 eleves.
952 3619 1058 3688 Cours
1090 3624 1130 3688 de
1163 3623 1339 3691 litterature
1369 3623 1545 3706 franceise:
1591 3622 1638 3688 les
1669 3639 1854 3709 proeateurs
1886 3626 1931 3691 du

305 3711 424 3778 XV110
447 3725 478 3774 et
497 3710 544 3775 les
563 3723 694 3775 auteurs
717 3708 907 3795 prinoipaux
929 3709 973 3772 du
996 3708 1130 3774 XVlll⁶
1153 3723 1185 3774 et
1205 3709 1250 3774 du
1272 3709 1376 3776 ΧΙΧο
1398 3709 1502 3774 siecle.
1547 3711 1648 3774 lrlaae.

433 3825 462 3886 6.
505 3816 739 3884 HISTOIRE.
788 3819 822 3901 (3
845 3817 890 3900 h.)
930 3817 1077 3883 Histoire
1100 3819 1157 3884 des
1180 3820 1371 3905 principans
1394 3819 1529 3904 peuples
1560 3818 1601 3882 de
1622 3817 1777 3902 l’Europe
1801 3819 1842 3886 de
1867 3824 1929 3888 476

303 3908 440 3972 ὲ1556.
485 3904 537 3969 En
560 3903 625 3968 dte:
660 3909 820 3984 leuraam,
843 3925 881 3968 cn
904 3901 1013 3968 biver:
1046 3909 1198 3987 llarggrall.

433 4017 462 4084 7.
515 3995 942 4094 MATHEMATIQUES.
990 4017 1026 4098 (4
1056 4014 1100 4096 h.·)
1161 4014 1212 4078 En
1244 4013 1309 4078 dte:
1358 4012 1527 4077 Fractions
1558 4012 1735 4076 continues.
1786 4013 1930 4100 Analyee

301 4098 544 4166 indeterminee.
584 4098 637 4164 En
658 4098 766 4164 hiver:
812 4097 1036 4183 Comple'ment
1066 4098 1107 4166 de
1130 4099 1304 4184 geometris
1326 4098 1407 4164 dane
1427 4098 1575 4182 l'espaoe.
1613 4099 1648 4176 (2
1670 4096 1720 4180 b.)
1758 4097 1931 4165 Eneroicea

303 4185 426 4250 divers.
467 4188 502 4268 (2
525 4185 571 4268 h.)
614 4188 725 4249 trendt.

433 4297 463 4361 8.
507 4291 761 4375 PHYSIQUE.
805 4296 838 4374 (2
862 4291 909 4376 h.)
953 4291 1004 4358 En
1027 4291 1093 4357 ete:
1126 4294 1293 4378 Principes
1315 4293 1355 4358 de
1378 4291 1576 4376 mecauique.
1625 4289 1835 4374 Acouetique.
1878 4293 1930 4359 En

301 4379 416 4444 hiver:
461 4375 611 4442 Chaleur.
652 4379 763 4443 lrendt.

435 4491 464 4554 9.
508 4469 709 4552 HEBREU.
752 4486 787 4563 (2
812 4484 860 4570 h.)
903 4487 1056 4552 Revision
1087 4488 1127 4553 de
1154 4489 1186 4553 la
1217 4489 1417 4572 grammaire.
1459 4487 1664 4574 Explication
1691 4485 1732 4552 de
1758 4507 1931 4554 monceaux

299 4571 425 4638 choisis
449 4572 507 4638 des
529 4571 627 4637 livres
651 4571 844 4656 historiques
866 4585 898 4636 et
917 4573 1083 4658 poetiques
1104 4574 1144 4638 de
1165 4574 1314 4639 l'Ancien
1336 4573 1534 4638 Testament.
1578 4573 1721 4638 Smettel.

436 4687 485 4750 10.
529 4677 749 4747 ANGLAIS.
796 4685 829 4765 (2
851 4680 900 4766 h.)
945 4682 1103 4759 Dialem,
1129 4688 1161 4747 A
1191 4683 1367 4748 Oltriatmar
1392 4683 1493 4746 Gurol.
1546 4679 1777 4767 Shakespeare,
1823 4683 1932 4746 Jrrliue

303 4769 436 4835 Ouarar.
481 4766 632 4844 Thomas,
655 4769 887 4852 erumperetur.
933 4763 1134 4834 Grammaire
1155 4767 1296 4854 (d’apres
1320 4765 1507 4850 Gesenius.)
1552 4769 1674 4834 laallel.
