4644 5778
357 601 405 680 10

364 823 509 906 gementi
532 819 743 906 perpetuitate
763 833 818 886 aut
836 843 876 885 ex
896 821 967 906 ipsa
986 819 1153 903 tragoedia
1171 833 1228 886 aut
1247 844 1287 886 ex
1308 820 1548 908 deperditarum
1567 820 1757 906 fragmentis
1773 833 1883 906 posset
1894 823 1989 888 effici.

360 931 474 1014 Neque
505 951 583 994 vero
616 930 650 992 in
680 929 787 992 animo
816 927 894 992 mihi
925 942 992 993 erat
1019 952 1166 1008 omnes,
1200 952 1281 1015 quas
1315 930 1376 994 viri
1411 929 1499 994 docti
1531 942 1770 1014 proposuerunt
1811 931 1989 1015 opiniones,

362 1059 541 1125 exponere,
573 1061 643 1103 eam
664 1036 775 1110 mod0,
807 1057 891 1120 quae
917 1037 986 1101 veri
1012 1038 1173 1103 simillima
1202 1039 1281 1103 mihi
1313 1061 1384 1104 esse
1414 1035 1600 1112 videbatur,
1635 1038 1748 1122 paucis
1777 1039 1989 1126 explicavisse

361 1150 440 1216 satis
464 1148 573 1212 habui.

490 1257 670 1322 Veniamus
692 1276 778 1316 nunc
801 1253 842 1316 ad
865 1254 998 1318 alteram
1021 1255 1198 1340 trilogiam,
1227 1277 1323 1338 qnam
1351 1266 1454 1319 actam
1486 1276 1557 1318 esse
1582 1255 1763 1320 testimonia
1783 1280 1842 1322 nos
1863 1259 1988 1336 docent,

365 1369 458 1434 cuius
483 1367 551 1432 sola
575 1362 674 1428 Ἑπτὰ
707 1362 755 1423 ἐπὶ
782 1361 899 1446 Θήβαις
927 1385 1010 1448 quae
1038 1362 1227 1427 inscribitur
1255 1362 1380 1438 fabula,
1415 1375 1579 1448 superstes
1607 1375 1666 1428 est.
1708 1363 1814 1430 Valde
1844 1369 1928 1433 inter
1955 1391 1989 1434 se

364 1478 548 1542 dissensere
569 1472 631 1536 viri
653 1471 737 1534 docti
760 1471 801 1535 de
824 1471 1012 1556 tragoediis,
1037 1493 1120 1556 quae
1142 1472 1269 1535 iunctae
1292 1483 1400 1536 essent
1423 1493 1497 1536 oum
1513 1469 1645 1558 Septem
1669 1473 1797 1552 labu1a3
1821 1489 1857 1540 ut
1877 1477 1989 1543 Welo·

368 1571 468 1650 kerus
488 1583 547 1647 has
567 1581 746 1666 composuit
766 1579 913 1663 trilogias
946 1585 980 1662 a)
1007 1579 1119 1656 Laius,
1144 1577 1280 1664 Sphinx,
1300 1577 1465 1665 Oedipum
1500 1579 1536 1662 h)
1563 1580 1694 1658 Nemea,
1717 1580 1861 1669 Septem,
1883 1586 1990 1652 Phoe-

366 1696 481 1759 nissae.
517 1691 573 1756 Sic
591 1691 729 1776 primum
749 1690 860 1752 statuit
873 1691 924 1770 15);
948 1687 1069 1770 aliquot
1088 1688 1179 1751 annis
1196 1701 1267 1772 post
1283 1688 1414 1752 alteram
1430 1689 1588 1774 trilogiam
1602 1689 1684 1754 hanc
1698 1713 1770 1756 esse
1785 1694 1904 1758 voluit:
1923 1695 1990 1762 Ne-

364 1826 444 1876 mea,
463 1799 607 1886 Septem,
621 1798 778 1862 Eleusinii
793 1800 840 1874 1ὃ).
882 1795 923 1863 G.
936 1796 1143 1860 Hermannus
1166 1817 1359 1880 quamquam
1380 1809 1473 1860 antea
1485 1799 1522 1880 17)
1545 1797 1678 1884 Septem
1700 1800 1842 1866 fabulam
1862 1805 1989 1869 tertium

366 1911 474 1974 locum
496 1907 676 1972 obtinuisse
695 1906 918 1980 affirmaverat,
939 1913 1049 1988 postea
1067 1915 1173 1968 tamen
1194 1905 1227 1966 in
1251 1903 1486 1982 dissertatione,
1511 1929 1606 1990 quam
1628 1909 1755 1993 scripsit
1776 1911 1816 1975 de
1833 1914 1990 2000 Aeschyli

363 2019 503 2103 trilogiis
527 2016 690 2081 Thebanis
704 2018 759 2096 l⁸),
791 2012 967 2078 Welckero
994 2013 1037 2075 ita
1064 2027 1112 2077 est
1140 2033 1306 2088 assensus,
1336 2027 1371 2076 ut
1396 2013 1531 2090 Laium,
1563 2015 1754 2102 Sphingem,
1783 2017 1989 2108 Oedipodem

369 2127 515 2192 eiusdem
540 2125 686 2210 trilogiae
710 2124 809 2188 luisse
834 2120 960 2185 fabulas
984 2122 1184 2197 concederet,
1216 2121 1346 2206 Septem
1370 2135 1474 2186 autem
1498 2123 1636 2188 mediam
1658 2125 1760 2190 luisse
1782 2132 1990 2196 contenderet

362 2238 448 2300 inter
469 2233 613 2318 Argivos
636 2245 668 2295 et
688 2231 883 2295 Eleusinios.
926 2229 1020 2310 Quae
1043 2229 1150 2294 omnia
1170 2229 1317 2313 quamvis
1340 2243 1464 2314 argute,
1486 2253 1599 2316 parum
1621 2247 1705 2297 recte
1727 2249 1832 2300 tamen
1855 2239 1990 2303 conficta

366 2366 439 2410 esse
462 2342 696 2406 demonstravit
718 2339 895 2403 didascalia
918 2361 937 2401 a
958 2338 984 2402 F
986 2339 1097 2402 ranzio
1119 2347 1246 2422 reperta
1260 2339 1306 2417 19),
1336 2361 1401 2422 qua
1422 2337 1551 2416 Laium,
1575 2338 1751 2424 Oedipum,
1772 2341 1903 2430 Septem
1926 2371 1991 2412 una

368 2453 499 2538 trilogia
522 2473 594 2515 esse
614 2463 702 2513 actas
725 2448 891 2512 discimus.
934 2443 1030 2510 Certe
1053 2446 1131 2509 nihil
1153 2457 1202 2510 est
1221 2468 1348 2522 causae,
1378 2470 1437 2511 cur
1457 2449 1592 2514 uberius
1612 2449 1790 2515 refutemus
1812 2453 1883 2518 illas
1904 2457 1989 2521 Her·

365 2563 473 2628 manni
497 2575 528 2624 et
550 2558 716 2622 Welckeri
744 2555 925 2639 opiniones,
958 2577 1151 2640 quamquam
1181 2555 1330 2641 pluribus
1362 2555 1396 2618 id
1424 2556 1707 2642 Watdeyerumw)
1737 2561 1854 2626 fecisse
1882 2565 1987 2632 video.

368 2671 455 2736 Satis
479 2669 540 2734 erit
561 2665 683 2730 dixisse
706 2663 861 2730 adductos
884 2687 954 2728 esse
975 2663 1048 2728 illos
1070 2663 1169 2740 viros,
1192 2677 1229 2727 ut
1244 2663 1374 2750 Septem
1398 2667 1491 2729 tertio
1513 2666 1583 2730 loco
1606 2679 1707 2731 actam
1729 2691 1800 2734 esse
1823 2687 1989 2756 negarent,

363 2779 452 2865 quod
473 2777 658 2859 Antigonae
682 2773 881 2858 Sophocleae
903 2773 1067 2848 maiorem,
1089 2795 1186 2856 quam
1208 2795 1267 2856 par
1290 2785 1367 2847 erat,
1390 2775 1546 2840 rationem
1568 2775 1737 2842 habehant.

492 2884 680 2948 Videndum
702 2882 802 2967 igitur
823 2881 917 2945 nobis
939 2881 1015 2956 erit,
1046 2902 1201 2964 quaenam
1231 2879 1350 2944 luerint
1380 2881 1501 2966 primae
1532 2895 1563 2946 et
1586 2883 1717 2949 alterius
1740 2885 1867 2952 fabulae
1890 2912 1989 2975 argu·

364 3009 480 3060 menta.
522 2992 594 3056 Laii
618 3015 727 3056 necem
751 2989 996 3075 Oedipodisque
1019 2987 1272 3054 occaecationem
1297 2989 1365 3074 agi,
1394 2991 1428 3054 id
1449 3013 1508 3077 per
1530 3015 1564 3057 se
1583 3003 1730 3077 apparet3
1762 2995 1820 3059 sed
1845 2997 1872 3061 si
1892 3020 1988 3062 accu-

363 3104 482 3178 ratius,
511 3123 651 3186 quonam
674 3099 770 3164 modo
792 3098 975 3183 Aeschylus
997 3121 1064 3161 rem
1088 3095 1277 3174 instituerit,
1307 3119 1501 3183 cognoscere
1524 3102 1694 3176 volumus,
1725 3101 1858 3188 Septem
1879 3105 1990 3172 fabula

364 3213 433 3278 sola
456 3211 549 3276 nobis
571 3209 775 3294 respicienda
796 3219 860 3282 est,
890 3207 1079 3292 praesertim
1099 3227 1171 3268 cum
1193 3205 1389 3289 fragmenta,
1416 3229 1498 3291 quae
1530 3223 1656 3274 servata
1679 3223 1769 3288 sunt,
1796 3236 1900 3298 pauca
1925 3215 1989 3279 sint

363 3345 467 3406 neque
493 3319 663 3405 quicquam
687 3319 768 3380 lucis
790 3317 934 3381 afferant.
972 3313 1106 3378 Initium
1128 3313 1283 3378 faciamus
1306 3312 1345 3378 ab
1369 3313 1419 3378 his
1443 3316 1566 3381 stasimi
1590 3319 1724 3382 secundi
1746 3319 1909 3386 versibus:

550 3453 627 3517 723:
669 3453 837 3532 παλαιγενῆ
860 3449 917 3534 γὰρ
942 3446 1022 3529 λέγω

667 3559 841 3642 παρβασίαν
862 3559 1050 3620 ὠκύποινον·

669 3668 767 3730 αἰῶνα
791 3667 816 3730 δ’
840 3668 870 3736 ἐς
893 3665 991 3748 τρίταν
1016 3664 1110 3748 μένει,

668 3775 868 3843 ’Λπόλλωνος
890 3771 958 3836 εὖτε
980 3773 1074 3841 Λάϊος

670 3885 731 3970 βία,
752 3885 813 3968 τρὶς
835 3881 971 3950 εἰπόντας
994 3881 1025 3943 ἐν

670 3993 884 4077 μεσομφάλοις
901 3988 1048 4058 Πυθικοῖς

471 4187 501 4252 ¹⁵)
527 4185 578 4241 Dio
597 4183 787 4254 Aeschylische
805 4183 922 4254 Trilogie
939 4181 1113 4237 Prometheus
1132 4187 1181 4236 etc.
1214 4200 1240 4252 p.
1260 4183 1319 4238 309.

469 4281 501 4346 l⁶)
527 4277 578 4334 Die
594 4277 777 4348 griechischen
790 4275 941 4346 Tragodien
957 4276 1008 4330 mit
1019 4274 1165 4340 Rdclrsicht
1181 4274 1229 4330 aul
1241 4273 1293 4330 den
1309 4275 1434 4346 epischen
1449 4277 1547 4348 Oyolue
1562 4276 1689 4348 geordnet
1704 4281 1752 4332 cto.
1771 4277 1791 4332 Ι.
1810 4280 1986 4350 prapaes).

471 4372 502 4438 ¹²)
528 4370 561 4426 G.
579 4371 728 4448 Hermann:
756 4367 790 4424 de
809 4368 999 4438 compositione
1017 4367 1218 4436 tetralogiarum
1237 4369 1398 4438 tragicarnm
1417 4372 1452 4436 (a.
1473 4370 1550 4435 1819)
1577 4371 1661 4439 p.10.
1692 4368 1799 4442 (Opust.
1820 4372 1852 4427 11.
1874 4389 1901 4443 p.
1917 4374 1987 4439 314.)

470 4466 501 4532 11)
525 4464 622 4534 Opnsc.
642 4461 698 4518 Vll.
720 4480 744 4533 p.
762 4463 813 4517 190
831 4477 885 4532 seq.

469 4557 502 4626 l⁹)
529 4557 631 4612 Franz:
655 4556 705 4612 Die
725 4554 877 4612 Didascalie
899 4571 933 4609 nu
951 4553 1100 4625 Aeschylus
1117 4553 1225 4625 Septem
1252 4559 1345 4609 contra
1363 4553 1478 4610 Thebae.
1519 4554 1608 4610 Berlin
1627 4555 1702 4610 1818.
1732 4555 1764 4609 cf.
1784 4553 1986 4613 Schneidewin:

365 4649 682 4813 Ph¹l⁰l⁸sh3Lwlssldfflr=
709 4741 743 4796 de
761 4739 886 4810 Aeschyli
905 4739 1059 4811 Oedipodes
1076 4741 1187 4811 specim.
1206 4739 1226 4794 Ι.
1246 4739 1333 4795 Neues
1354 4741 1428 4806 1869,
1455 4741 1561 4811 specim.
1581 4741 1612 4796 ll.
1632 4737 1798 4796 Leobscht'itz
1819 4739 1894 4797 1819.
