4644 5778
1985 605 2010 686 3

389 829 441 895 his
472 827 554 896 locis
586 827 774 914 tetralogiae
805 826 939 892 verbum
967 825 1043 890 addi
1066 847 1199 890 necesse
1221 848 1303 902 esse,
1333 849 1374 892 ne
1397 827 1498 892 oratio
1519 826 1590 911 ipsa
1613 839 1699 892 esset
1723 829 1880 912 manca.⁴)
1925 827 2010 894 Aliis

389 959 468 1003 vero
492 937 591 1013 locis,
621 937 678 1002 ubi
705 935 893 1021 tetralogiae
921 934 1020 1000 verbo
1043 957 1109 998 non
1137 949 1187 1000 est
1215 956 1311 1020 opus,
1339 958 1403 1000 non
1432 936 1593 1021 legitur.⁶)
1640 935 1682 1000 Et
1712 936 1744 1000 in
1770 937 1941 1022 hypothesi
1968 937 2010 1001 ad

389 1045 544 1132 Aeschyli
570 1045 702 1130 Septem
727 1043 753 1110 si
778 1043 967 1127 Λυκουργείαρ
988 1043 1119 1108 additur
1139 1045 1335 1128 τετραλογία,
1363 1046 1498 1109 eundern
1526 1045 1577 1111 hic
1603 1045 1710 1110 velere
1734 1047 1889 1112 rationem
1915 1066 2010 1110 nemo

390 1177 452 1222 non
482 1155 589 1230 videt,
622 1154 772 1239 quonism
799 1151 984 1237 Lycurgiae
1012 1154 1141 1218 nomine
1166 1167 1275 1218 utrum
1299 1177 1365 1218 una
1391 1177 1432 1218 an
1456 1154 1564 1238 plures
1590 1153 1849 1240 significarentur
1870 1153 2010 1232 fabulae,

393 1287 432 1330 ex
455 1266 526 1351 ipso
550 1263 650 1328 verbo
669 1262 813 1347 intellegi
833 1284 896 1328 non
917 1263 1029 1347 potuit.

516 1373 568 1438 Ex
586 1371 714 1436 Aeliani
735 1392 812 1436 vero
828 1370 937 1436 verbis
959 1371 1018 1454 (Η.
1037 1373 1093 1454 30)
1116 1371 1195 1436 nihil
1216 1371 1258 1435 de
1279 1372 1466 1458 tetralogiae
1491 1375 1524 1436 vi
1548 1383 1656 1458 potest
1673 1373 1765 1438 disci.
1810 1370 1885 1436 Hoc
1910 1369 2011 1454 igitur

392 1497 580 1568 argumento
602 1481 710 1567 opinio
732 1481 788 1545 illa
809 1479 1028 1546 confirmanda
1050 1503 1114 1544 non
1137 1495 1194 1544 est.
1236 1481 1312 1546 Alia
1332 1503 1409 1546 vero
1431 1481 1464 1544 in
1486 1480 1622 1546 eandem
1638 1482 1853 1568 {disputantur
1881 1492 2008 1546 senten·

391 1594 482 1658 tiam:
515 1589 724 1675 Thrasyllum
748 1611 822 1654 cum
844 1589 989 1654 Platonis
1012 1589 1160 1676 dialogos
1179 1611 1236 1676 per
1250 1589 1435 1675 tetralogias
1457 1590 1652 1676 disponeret,
1675 1601 1866 1676 argumento
1890 1588 2010 1653 similes

392 1701 613 1776 coniunxisse,
642 1699 794 1785 quodque
817 1697 964 1783 dialogos
989 1697 1066 1761 κατὰ
1087 1701 1140 1783 τὴν
1162 1703 1303 1783 τραγικὴν
1327 1702 1522 1783 τετραλογίαν
1543 1700 1734 1776 ordinasset,
1762 1699 1889 1764 fabulas
1912 1711 2009 1762 tetra-

391 1809 497 1896 logiae
517 1810 594 1874 item
611 1819 802 1893 argumento
818 1807 997 1874 cohaesisse
1017 1807 1278 1873 concludendum
1296 1831 1377 1874 esse.
1427 1808 1476 1874 Ne
1497 1808 1573 1874 huic
1588 1809 1719 1895 quidem
1735 1807 1877 1894 opinioni
1898 1827 2010 1871 asseu-

390 1919 442 1984 tiri
472 1940 616 2004 possum.
664 1917 793 1982 Etenim
821 1917 875 2004 qui
908 1917 1042 1982 aliorum
1072 1939 1169 2003 opera
1197 1941 1254 2004 per
1280 1918 1466 2003 tetralogias
1495 1931 1563 1982 erat
1588 1918 1821 2006 dispositurus,
1848 1917 1876 1981 is
1904 1915 2009 1980 solum

390 2041 613 2110 argumentum
638 2039 781 2112 spectare
804 2037 834 2089 et
857 2026 960 2112 potuit
982 2037 1013 2090 et
1034 2026 1157 2103 debuit,
1187 2049 1261 2093 cum
1284 2027 1364 2092 nihil
1388 2029 1500 2092 luisset
1522 2050 1649 2103 causas,
1672 2051 1730 2092 cur
1751 2049 1815 2091 non
1837 2023 2009 2112 quaelibet,

393 2137 450 2202 red
473 2149 560 2202 certa
583 2136 740 2220 quaedam
765 2136 884 2220 scripta
906 2135 1114 2200 consociaret.
1158 2135 1316 2222 Tragicos
1339 2158 1414 2202 vero
1437 2137 1624 2222 tetralogiae
1645 2137 1773 2202 fabulae
1795 2137 1858 2201 iam
1882 2117 1920 2201 ea
1942 2134 2011 2200 sola

390 2269 425 2313 re
456 2269 557 2312 unum
590 2245 682 2331 quasi
714 2267 831 2330 corpus
863 2243 989 2308 efficere
1020 2259 1212 2329 potuerunt,
1246 2245 1334 2331 quod
1372 2269 1437 2312 una
1464 2246 1640 2312 didascalia
1674 2247 1707 2311 in
1739 2269 1886 2312 scaenam
1920 2256 2010 2312 erant

392 2357 591 2421 commissae.
1638 2423 1646 2440 .

519 2469 548 2528 7.
588 2463 701 2528 Restat
723 2461 845 2526 Suidae
875 2461 981 2538 locus,
1010 2463 1151 2527 omnium
1176 2465 1421 2542 vexatissimus,
1453 2467 1507 2550 qui
1535 2466 1585 2530 his
1616 2465 1658 2530 ad
1681 2479 1800 2530 certam
1822 2462 2009 2548 tetralogiae

391 2575 600 2660 trilogiaeque
627 2573 788 2638 notionem
810 2571 1068 2636 constituendam
1088 2573 1290 2658 aptissimus,
1317 2574 1396 2650 illis,
1422 2575 1510 2660 quod
1532 2572 1666 2640 Suidam
1687 2575 1879 2660 gravissimo
1902 2572 2009 2660 impli-

392 2696 499 2749 catum
521 2705 592 2748 esse
614 2705 721 2747 errore
743 2679 993 2756 arbitrabantur,
1018 2681 1139 2746 nullius
1158 2682 1311 2746 momenti
1333 2705 1404 2748 esse
1425 2684 1515 2750 visus
1537 2697 1594 2748 est.
1623 2683 1715 2748 Haec
1738 2705 1814 2747 vero
1836 2682 1916 2747 dicit
1935 2705 1961 2747 s.
1976 2704 2009 2745 v.

391 2791 572 2877 Σαφακλῆςι
608 2793 658 2856 καὶ
686 2791 777 2859 αὐτὸς
808 2790 881 2874 ἦρξε
912 2795 965 2853 τοῦ
997 2791 1100 2873 δρᾶμα
1130 2792 1207 2872 πρὸς
1237 2791 1338 2874 δρᾶμα
1370 2793 1586 2874 ἀγωνίζεσθαι,
1619 2793 1700 2856 ἀλλὰ
1732 2793 1772 2874 μὴ
1802 2793 2008 2876 τετραλογίαν.

391 2899 485 2982 Quae
513 2902 634 2966 Suidae
661 2901 760 2965 verba
784 2898 1007 2980 Boeclrhius⁸l
1034 2899 1079 2964 ita
1107 2899 1348 2986 interpretatur,
1376 2917 1412 2966 ut
1440 2925 1513 2966 eum
1538 2901 1661 2967 dixisse
1687 2901 1778 2966 velit:
1812 2899 2008 2987 Sophoclem

389 3010 529 3096 primum
551 3011 670 3086 luisse,
696 3009 752 3093 qui
772 3009 835 3074 iam
858 3031 922 3074 non
943 3021 1103 3094 quattuor,
1132 3009 1190 3074 sed
1213 3009 1349 3094 singulis
1374 3023 1509 3076 certaret
1529 3011 1658 3088 fabulis,
1683 3022 1720 3074 ut
1744 3011 1889 3097 singulae
1912 3009 2008 3074 doce-

306 3162 309 3170 *
389 3131 510 3196 rentur,
534 3119 763 3192 iudicarentur,
786 3117 959 3184 vincerent.
995 3119 1162 3184 Assensus
1185 3130 1234 3183 est
1253 3119 1324 3184 viro
1344 3119 1437 3184 docto
1453 3115 1696 3201 Karsteniusl'),
1719 3119 1776 3204 qui
1796 3119 1897 3184 mults
1916 3119 2009 3183 affert

390 3227 552 3314 exempla,
584 3228 704 3313 quibus
732 3225 819 3292 idem
848 3227 1094 3314 praepositionis
1124 3251 1204 3294 usus
1233 3227 1487 3305 demonstratum
1526 3241 1563 3292 ut
1591 3229 1744 3314 Aeschyl.
1770 3227 1867 3292 Eum.
1893 3250 1924 3290 v.
1945 3229 2009 3293 576

391 3335 457 3417 (ed.
481 3335 524 3402 G.
545 3337 692 3423 Herm·)²
794 3423 867 3492 ἑπὸς
890 3423 911 3485 d'
934 3422 1065 3506 ἀμείβου
1088 3423 1163 3506 πρὸς
1186 3420 1259 3491 ἔπος

390 3531 556 3617 Aristoph.
578 3531 664 3598 Nub.
691 3536 771 3599 1374
793 3580 851 3597 ...
875 3529 948 3615 Κᾷτ’
970 3531 1122 3606 ἐντεῦθεν,
1146 3531 1211 3594 οἷον
1233 3531 1323 3608 εἰκός,
1348 3531 1421 3600 ἔπος
1441 3535 1516 3614 πρὸς
1540 3529 1613 3600 ἔπος
1634 3531 1843 3615 ἠρειδόμεσθ’.

390 3641 451 3704 alia
469 3664 499 3705 v.
518 3641 539 3704 l.
556 3640 577 3704 l.
604 3641 788 3728 Usurpatur
809 3653 916 3705 autem
935 3639 997 3703 hoc
1020 3661 1118 3704 sensu
1139 3638 1224 3723 πρός,
1247 3641 1377 3726 quando
1395 3639 1497 3726 ‘paria
1519 3641 1602 3704 inter
1623 3662 1657 3704 se
1680 3655 1896 3727 opponuntur,
1919 3662 2007 3706 com·

388 3766 550 3836 parantur,
574 3763 805 3834 permutantur.
850 3748 956 3812 Aliam
979 3748 1271 3833 interpretationem
1291 3749 1486 3814 Welclserus
1509 3748 1686 3834 proposuit,
1707 3748 1763 3834 qui
1786 3749 1819 3813 in
1839 3749 1921 3814 libro
1941 3749 2006 3825 illo,
2039 3757 2041 3760 ’

389 3881 484 3944 quem
513 3859 701 3944 conscripsit
721 3859 762 3922 de
786 3857 941 3941 Aeschyli
966 3856 1172 3934 Prometheo,
1196 3857 1376 3924 haecdicit
1400 3865 1447 3943 (p.
1470 3861 1562 3940 olol:
1604 3853 1801 3944 ,Sophocles
1825 3871 1940 3930 sctzte,
1965 3855 2006 3920 da

390 3968 575 4053 Aeschylus
598 3967 668 4032 drei
692 3967 833 4031 Dramen
860 3965 937 4052 gab,
970 3965 1066 4031 ihnen
1089 3965 1158 4030 drci
1185 3965 1324 4030 Dramen
1347 3979 1523 4053 entgegen‚
1555 3965 1607 4031 dis
1629 3966 1718 4030 nicht
1742 3965 1909 4052 trilogisch
1932 3987 2005 4028 ver-

390 4073 537 4152 bunden,
571 4077 712 4143 sondern
735 4075 829 4158 jedes
859 4077 912 4142 lur
940 4074 1010 4140 sich
1040 4075 1091 4140 ein
1122 4073 1253 4140 Ganzes
1282 4097 1400 4143 waren.
1445 4076 1562 4141 Dieser
1584 4075 1825 4141 Grammatilrer
1854 4075 2006 4158 (Suidas)

389 4184 486 4248 nahm
511 4187 647 4270 rptloyt‘e
673 4185 790 4262 selbst,
821 4184 881 4250 wie
909 4207 943 4248 es
971 4183 1041 4248 hier
1076 4183 1108 4246 in
1140 4206 1526 4272 zusammengeaogenem
1554 4183 1733 4250 Ausdruck
1760 4186 1794 4249 in
1826 4183 2005 4269 τετραλογία

391 4325 432 4333 ι-
455 4325 590 4333 ...-...·--η

492 4389 512 4452 ⁴)
539 4387 688 4446 Boeckhius
705 4389 732 4445 in
753 4388 841 4445 indice
859 4387 917 4443 lect.
952 4387 1066 4442 Berolin.
1100 4387 1223 4454 1841142.

492 4482 511 4546 ⁵)
535 4479 570 4536 Ul
587 4481 713 4537 helianus
731 4500 754 4534 v.
766 4483 790 4536 h.
811 4482 884 4537 ll.8:
913 4483 958 4534 καὶ
973 4479 1075 4551 πρῶτός
1085 4498 1114 4550 ps
1132 4479 1163 4552 ἦν
1184 4477 1316 4552 Ξινοκλίρτ
1333 4475 1448 4536 Οἰδίποδι
1469 4483 1512 4534 καὶ
1530 4479 1646 4535 Λυκάονι
1665 4483 1709 4534 καὶ
1728 4477 1844 4552 Βάκχαις
1862 4483 1908 4534 καὶ
1926 4475 2005 4534 Ἀθά·

391 4587 466 4638 pavet
484 4579 623 4646 σατυρικῷ,
643 4573 736 4626 τούτου
752 4573 872 4646 διὺττροτ
891 4571 1031 4646 Εὐριπίδης
1045 4571 1212 4646 Ἀλεξάνδρῳ
1229 4575 1273 4626 καὶ
1290 4571 1435 4648 Παλαρὴόρ
1453 4577 1498 4627 καὶ
1515 4571 1621 4644 Τρωάσι
1640 4576 1685 4626 καὶ
1702 4571 1808 4644 Σισύφῳ
1829 4577 1970 4645 σατυρικῷ.

492 4669 513 4734 ⁶)
539 4666 621 4722 lndcx
642 4665 745 4721 lection.
784 4665 896 4722 Berolin.
933 4665 1054 4734 lstlst‘t.

493 4759 513 4826 7)
539 4759 567 4816 S.
588 4759 715 4816 Karsten:
735 4757 769 4814 de
786 4758 928 4830 tetmlogis
945 4760 1054 4830 tragica
1093 4755 1291 4813 hmstelcdami.
1324 4759 1399 4813 1846.

1775 4861 1812 4913 μ
