4644 5778
1970 609 1996 690 5

371 833 625 903 Concedendum
648 845 697 900 est
718 833 776 898 has
795 835 945 908 rationes,
968 852 1051 916 quae
1070 831 1192 898 Suidse
1211 830 1340 896 obstant
1362 831 1557 908 testimonio,
1577 853 1641 896 non
1661 831 1743 896 levis
1756 833 1909 898 momenti
1924 853 1996 898 esse

372 967 477 1031 neque
501 943 684 1010 mirandum
708 954 756 1008 est
775 941 922 1008 homines
948 941 1071 1018 doctos,
1093 941 1149 1027 qui
1173 941 1215 1005 de
1237 940 1298 1004 hoc
1320 941 1391 1006 loco
1413 941 1648 1018 iudicaverunt,
1671 941 1705 1004 in
1726 940 1870 1006 diversas
1890 941 1996 1007 abisse

374 1053 559 1120 sententias.
604 1052 652 1120 Ut
680 1051 723 1119 G.
745 1049 937 1117 Dindorfius
969 1048 1104 1116 Suidam
1127 1073 1204 1116 vera
1231 1071 1305 1114 cum
1331 1050 1421 1115 falsis
1448 1049 1633 1116 confudisse
1656 1064 1784 1128 censet,
1811 1049 1899 1135 quod
1923 1050 1996 1116 loco

372 1163 551 1249 Phrynichi
572 1199 610 1212 -·
633 1183 729 1248 quem
752 1159 926 1226 debuit-
947 1155 1139 1246 Sophoclem
1161 1159 1390 1235 nominaverim
1416 1160 1623 1244 quamobrem
1644 1158 1744 1224 verba
1766 1159 1813 1228 sic
1832 1181 1904 1224 esse
1924 1181 1996 1224 eor-

370 1272 508 1360 rigeuda
531 1272 660 1338 statuit:
689 1267 751 1335 Kal
775 1271 868 1338 αὐτὸς
890 1267 975 1354 (scil.
999 1267 1168 1354 Φρύνιχος)
1189 1267 1263 1352 ἦρξε
1285 1273 1338 1331 τοῦ
1367 1271 1407 1352 μὴ
1433 1271 1534 1354 δρᾶμα
1558 1271 1633 1352 πρὸς
1656 1271 1758 1352 δρᾶμα
1781 1269 1997 1351 ἀγωνίζεσθαι,

376 1382 470 1446 ἀλλὰ
489 1380 739 1467 τετραλογίαν.
777 1378 930 1443 Profecto
957 1415 991 1426 -
1014 1387 1051 1440 ut
1071 1399 1148 1442 vcra
1169 1376 1247 1454 sint,
1268 1399 1351 1461 quae
1370 1376 1576 1462 Droysenius
1596 1377 1636 1441 de
1659 1375 1837 1460 Phrynichi
1858 1388 1925 1442 arte
1947 1391 1996 1443 est

375 1490 557 1576 suspicatus
580 1527 622 1556 -,
646 1489 693 1554 sic
716 1487 835 1574 optime
859 1485 966 1551 omnia
986 1490 1070 1550 inter
1093 1507 1128 1548 se
1151 1485 1351 1570 congruunt!
1384 1485 1474 1568 Quid
1496 1488 1625 1553 autem?
1661 1483 1696 1551 Si
1718 1487 1781 1551 iam
1804 1508 1867 1551 non
1893 1488 1996 1552 medi-

374 1599 455 1675 cina,
482 1599 540 1664 sed
561 1601 647 1663 l'erro
669 1598 716 1662 uti
742 1597 896 1673 volueris,
919 1615 1027 1660 nonne
1049 1595 1183 1678 quaevis
1207 1593 1378 1659 difficultas
1401 1595 1551 1661 facillime
1575 1597 1692 1682 poterit
1715 1595 1756 1661 de
1778 1593 1884 1660 medio
1905 1595 1996 1662 tollit

377 1705 559 1773 Schocltius
582 1728 744 1771 veronen
778 1705 881 1770 solum
910 1725 1034 1769 errasse
1057 1699 1206 1779 Suidam,
1238 1702 1297 1768 sed
1323 1705 1445 1781 omnia,
1473 1728 1556 1790 quae
1576 1707 1638 1774 hoc
1658 1705 1730 1770 loco
1750 1717 1867 1779 narrat,
1888 1704 1995 1790 ipsum

374 1817 536 1882 invenisse
559 1827 651 1902 putat
667 1817 716 1900 ¹⁰).
762 1813 947 1879 Boeckhius
970 1811 1119 1898 denique,
1142 1812 1196 1896 qui
1219 1813 1325 1876 minus
1347 1811 1462 1877 acerbe
1486 1813 1711 1879 animadvertit
1733 1813 1765 1877 in
1785 1809 1929 1890 Suidam,
1951 1815 1996 1878 sic

376 1926 500 1990 statuit:
532 1925 657 2009 magnis
680 1923 811 2009 quidem
842 1924 1009 2009 Dionysiis
1038 1921 1277 2006 tetralogiarum
1299 1933 1460 1987 certamen
1482 1945 1546 1988 non
1569 1921 1788 1988 intermissum
1811 1944 1898 1998 esse,
1930 1921 1996 1986 Le-

373 2035 462 2100 naeis
487 2045 594 2099 autem
617 2031 762 2118 singulas
787 2032 915 2098 fabulas
937 2045 1025 2096 actas
1045 2053 1115 2095 esse
1138 2051 1178 2094 ex
1201 2029 1348 2094 instituto
1372 2030 1563 2116 Sophoclis3
1593 2055 1675 2116 quae
1699 2033 1857 2096 sententia
1878 2043 1914 2095 nt
1934 2032 1997 2096 viri

375 2143 479 2208 sobrie
500 2141 673 2208 iudicantis
693 2142 849 2218 omnium,
872 2163 951 2226 quas
967 2149 1205 2227 proposuerunt
1220 2139 1281 2204 viri
1301 2139 1398 2216 docti,
1418 2141 1486 2204 veri
1501 2141 1662 2206 simillima
1677 2140 1755 2204 mihi
1769 2141 1897 2206 videtur
1914 2163 1995 2206 csse.

373 2251 545 2336 Quidquid
568 2262 675 2316 autem
694 2250 736 2316 de
759 2247 883 2315 Suidac
905 2249 976 2314 loco
1000 2249 1224 2314 statuimus-
1249 2248 1317 2312 sive
1337 2247 1400 2313 hoe
1423 2250 1639 2314 testimonium
1661 2263 1697 2314 ut
1717 2251 1824 2336 inepte
1845 2273 1865 2314 a
1887 2271 1995 2334 gram-

375 2360 492 2426 matico
512 2360 679 2424 inventum
702 2359 797 2445 plane
823 2358 1043 2444 neglegimus,
1069 2358 1137 2422 sive
1158 2372 1195 2420 ut
1216 2355 1379 2421 erroribus
1403 2358 1497 2422 loede
1522 2360 1770 2424 contaminatum
1794 2357 1995 2444 corrigimus,

376 2468 444 2534 sive
465 2469 533 2532 veri
554 2468 677 2552 aliquid
699 2469 732 2532 in
755 2491 793 2532 eo
815 2468 921 2532 inesse
944 2490 1016 2531 cum
1039 2467 1202 2531 Boeclrhio
1224 2477 1375 2552 putamus
1397 2504 1436 2514 —
1458 2468 1666 2552 perspicuum
1689 2467 1836 2532 estnihil
1860 2490 1899 2532 ex
1920 2465 1995 2532 Sui-

377 2576 438 2642 dae
461 2576 571 2642 verbis
595 2599 690 2662 posse
713 2577 817 2654 efliei,
840 2577 926 2662 quod
951 2577 1108 2660 pertineat
1129 2575 1170 2640 ad
1191 2599 1275 2652 rem,
1297 2576 1338 2640 de
1360 2599 1423 2660 qua
1443 2577 1587 2661 agimus,
1611 2575 1844 2664 explicandam.
1886 2576 1996 2642 Solam

377 2685 461 2750 enim
489 2687 802 2772 interpretationem,
833 2709 902 2750 eam
930 2685 1020 2762 dico,
1051 2707 1146 2769 quam
1169 2687 1336 2771 proposuit
1363 2685 1569 2760 wolckerus,
1603 2707 1642 2750 ex
1664 2709 1729 2770 qua
1751 2687 1851 2771 possit
1873 2685 1996 2771 aliquid

375 2795 524 2860 concludi
548 2796 588 2860 de
610 2796 758 2882 trilogiae
780 2807 904 2872 natura,
928 2795 1153 2880 grammaticae
1177 2794 1266 2879 leges
1288 2817 1352 2860 non
1374 2797 1547 2881 patiuntur.

499 2901 659 2970 Omnibus
693 2904 811 2990 igitur,
844 2926 927 2988 quae
955 2915 1096 2980 exstant,
1129 2903 1317 2968 testimoniis
1347 2904 1478 2970 minime
1505 2903 1717 2969 demonstrari
1747 2917 1871 2992 potest,
1899 2919 1996 2974 tetra·

374 3015 462 3100 logia
484 3027 637 3099 quattuor
659 3013 833 3100 significari
858 3011 982 3078 tabulas
1008 3013 1189 3096 argumenti
1211 3014 1423 3099 perpetuitate
1446 3013 1588 3088 iunctas,
1617 3035 1721 3100 neque
1742 3015 1914 3099 quicquam
1937 3017 1995 3082 ob-

376 3135 448 3200 stat,
470 3123 653 3210 quominus,
673 3123 759 3208 quod
782 3121 880 3187 verba
899 3123 970 3208 ipsa
994 3120 1099 3186 solnm
1120 3121 1267 3200 suadent,
1285 3121 1486 3207 tetralogiam
1507 3123 1554 3188 sic
1570 3122 1771 3199 definiamus,
1792 3139 1828 3188 ut
1845 3137 1997 3210 quattuor

374 3232 499 3298 labulas
528 3256 593 3298 una
622 3231 799 3298 didascalia
828 3232 861 3296 in
893 3253 1042 3296 scaenam
1065 3231 1253 3298 commissas
1280 3232 1324 3295 ita
1352 3232 1530 3296 nominatas
1560 3253 1631 3296 esse
1657 3231 1804 3299 velimus.
1851 3233 1924 3299 Hoc
1952 3235 1996 3300 ita

376 3363 446 3407 esse
467 3365 508 3406 ne
530 3341 728 3407 Welclrerus
754 3339 888 3426 quidem
915 3340 1061 3426 negavit,
1087 3339 1142 3424 qui
1164 3339 1311 3426 trilogiae
1332 3340 1574 3424 angustioribus
1594 3339 1713 3405 finibus
1735 3341 1995 3429 circumscriptae

377 3451 606 3536 sagacissimus
630 3462 661 3514 et
680 3449 909 3516 tenacissimus
922 3449 1043 3513 exstitit
1065 3463 1229 3536 patronus,
1251 3471 1324 3513 cum
1344 3449 1440 3514 dicit:
1474 3449 1575 3524 „Drci
1591 3447 1778 3534 Tragttdien
1799 3473 1905 3516 waren
1926 3452 1995 3516 ihm

375 3560 464 3648 (dem
494 3557 630 3641 Suidas)
658 3559 753 3624 lreine
781 3559 917 3643 τριλογία
949 3557 1016 3622 und
1042 3557 1125 3622 euch
1152 3557 1240 3621 nicht
1272 3559 1330 3622 mit
1360 3559 1463 3623 einem
1494 3554 1675 3644 Satyrspiel
1704 3557 1892 3624 verbunden
1924 3561 1995 3626 eine

374 3669 565 3754 τετραλογία,
594 3665 744 3730 obwohl
773 3665 856 3731 dies
879 3667 972 3732 auch
992 3665 1088 3730 ohne
1111 3666 1369 3733 Unterschied
1397 3689 1468 3731 von
1492 3667 1574 3732 vier
1599 3667 1764 3732 Dramen
1787 3668 1996 3754 gebraucht

373 3776 493 3842 wird“
512 3779 560 3858 ¹¹).

503 3883 601 3968 Quod
629 3883 656 3948 si
685 3895 772 3948 recta
793 3897 884 3959 sunt,
913 3906 995 3968 quae
1022 3886 1247 3970 exposuimus,
1277 3885 1339 3948 iam
1363 3907 1426 3950 non
1450 3884 1585 3950 dubium
1610 3908 1680 3950 esse
1704 3897 1825 3972 potest,
1850 3887 1996 3974 quaesit

374 3995 520 4079 trilogiae
546 3994 596 4058 vis
622 4005 717 4078 atque
746 4005 878 4069 natura,
909 4014 982 4057 cum
1007 4009 1071 4058 tres
1099 3995 1281 4080 tragoedias
1304 4015 1367 4058 uua
1389 3995 1565 4060 didascalia
1587 4007 1672 4060 actas
1697 3997 1743 4060 sic
1766 3997 1919 4083 appellari
1938 4019 1995 4082 ap·

481 4211 513 4278 ¹⁰)
538 4211 718 4268 Grundlicher
735 4209 893 4266 Unterricht
912 4215 962 4264 etc.
984 4229 1008 4282 p.
1028 4214 1115 4280 29130.
1150 4213 1208 4281 Quo
1229 4214 1286 4269 inre
1307 4213 1455 4270 Schoellins
1479 4213 1610 4269 rationem
1635 4212 1707 4268 illem
1733 4219 1842 4270 secutus
1867 4214 1915 4280 sit,
1943 4229 1997 4285 qna

376 4309 495 4360 veterum
516 4305 677 4372 testimonia,
698 4317 768 4374 quae
788 4307 835 4356 aut
853 4302 1020 4374 aliquantum
1041 4305 1188 4378 praebeant
1205 4305 1371 4362 difficultatis
1389 4309 1436 4362 aut
1455 4321 1515 4360 cum
1534 4307 1581 4372 iis,
1610 4323 1677 4378 quas
1697 4323 1774 4363 veras
1792 4323 1850 4362 esse
1867 4307 1918 4362 sibi
1937 4323 1995 4379 per·

375 4398 459 4454 suasit
474 4398 619 4469 opiniones,
644 4413 696 4452 non
714 4399 876 4466 congruant,
904 4396 1020 4466 corrigat
1040 4397 1081 4452 vel
1098 4401 1175 4470 quasi
1193 4399 1321 4466 trucidet,
1348 4397 1398 4454 hoc
1415 4397 1473 4454 loeo
1490 4397 1633 4454 decernere
1653 4400 1790 4466 nolumus,
1809 4416 1868 4454 cum
1890 4415 1992 4472 parum

376 4489 416 4545 vel
437 4489 504 4545 nihil
524 4489 587 4545 inde
608 4487 676 4544 lueis
694 4489 742 4557 rei,
763 4503 843 4560 qnam
863 4488 940 4544 nohis
957 4490 1144 4561 proposuimus
1161 4490 1336 4558 tractandam,
1356 4491 1441 4562 possit
1458 4490 1554 4547 afferri.

478 4584 509 4650 ¹¹)
538 4581 692 4638 wolckerus
711 4581 739 4635 in
757 4581 865 4652 trilogia
884 4585 933 4636 ete.
964 4599 987 4652 p.
1004 4585 1063 4638 510.
1102 4583 1130 4639 Si
1155 4583 1214 4656 quis
1239 4582 1433 4654 aliquantulum
1452 4583 1530 4639 modo
1548 4583 1718 4640 auctoritatis
1737 4583 1835 4640 Suidae
1863 4585 1994 4652 attribuit,

374 4672 477 4740 Phinei,
489 4671 640 4742 Persarum,
653 4673 757 4742 Glauci,
769 4672 920 4730 Promethei
938 4675 1045 4746 satyrici
1063 4673 1171 4730 tabulas
1187 4675 1352 4746 tetralogiam
1371 4675 1453 4732 tuisse
1469 4693 1521 4732 non
1539 4677 1659 4748 negabit;
1679 4677 1732 4731 iam
1745 4675 1814 4746 vide,
1831 4691 1910 4748 quam
1928 4677 1995 4732 bene

378 4795 410 4808 -
432 4771 462 4823 ut
480 4767 578 4824 Persas
596 4773 623 4822 et
642 4766 774 4824 Glaucum
795 4765 845 4821 hoc
865 4766 924 4822 loco
944 4773 1108 4838 praeteream
1128 4797 1160 4808 -
1182 4769 1252 4824 inter
1268 4785 1297 4824 sc
1313 4771 1473 4826 cohaereant
1490 4769 1586 4826 Persae
1605 4775 1631 4824 at
1652 4767 1836 4826 Prometheus!
